1673 2641
664 195 900 226 -363-

176 295 300 325 tramet
324 292 398 324 laus
422 304 483 335 per
507 293 678 335 aquestsss)
704 302 842 324 correus
867 302 999 334 aquexa
1023 294 1056 323 et
1080 291 1211 327 Ialtra,
1237 301 1324 332 quen
1349 290 1390 321 he

176 346 357 387 recaptade
382 347 421 377 (le
445 346 479 378 la.
503 356 616 388 reyna,
642 356 706 388 que
731 356 773 377 va
797 346 826 377 al
861 356 917 387 rey
942 346 1079 386 Darago
1105 345 1145 376 de
1169 344 1300 386 prechs,
1326 353 1390 385 que

176 399 218 430 ell
243 409 307 441 que
332 399 409 440 deja
433 399 582 431 deliurar
606 399 852 431 iversosament
875 397 926 430 los
947 398 1062 430 diuers
1079 408 1186 429 ames
1207 397 1312 438 sors7)
1332 422 1337 428 .
1358 422 1363 427 .
1384 422 1389 427 .

177 451 288 484 Scrita
312 453 345 484 in
370 453 485 484 Baden
510 452 600 484 VIII.
626 453 701 484 idus
725 451 860 492 J11nii.⁸)

281 505 349 532 CBD
369 506 416 538 Ap.
437 506 479 532 58.
516 505 681 531 Bruchstiick
704 504 766 537 Pap.
805 504 887 530 Keine
911 503 1061 537 Siegelspur
1088 504 1140 529 und
1170 503 1245 529 keine
1270 503 1391 529 Adresse.

175 549 228 575 Das
247 549 341 583 Papier
360 550 393 575 ist
411 549 591 575 italienischen
611 549 767 583 Ursprungs.

177 632 249 662 243.
264 631 329 662 Die
342 629 517 662 rihnische
528 629 685 670 Kiinigin
699 630 880 661 Elisabeth
897 639 940 661 an
952 630 1072 671 Jayme
1085 629 1151 660 11.:
1165 628 1316 668 Zeugnis
1329 627 1393 659 fiir

176 683 233 715 die
256 683 321 715 auf
334 683 478 716 Geheiss
502 683 599 715 ihres
616 682 781 716 Gemahls
802 692 863 715 aus
880 683 983 714 ihren
1000 683 1168 714 Diensten
1185 681 1393 713 scheidende

282 737 523 768 katalonische
547 736 805 768 Dienerschaft.
852 735 970 768 Baden
994 735 1109 776 (1315)
1132 735 1217 767 Juni
1236 734 1286 766 17.

283 797 367 830 Cum
397 798 573 830 domicella
601 800 717 830 nostre
746 797 926 829 karissime
950 798 1034 829 bene
1059 798 1092 828 et
1114 796 1272 838 legaliter
1295 796 1393 827 nobis

177 851 379 883 serviverint
403 854 436 883 et
458 861 520 893 pro
544 851 643 883 nobis
667 853 701 882 et
719 852 837 883 nostro
854 850 998 882 servicio
1023 849 1150 881 multas
1170 849 1395 881 sustinuerint

177 905 353 946 angustias
379 907 411 936 et
434 904 570 936 labores
595 906 627 936 et
651 904 780 936 nullam
804 903 1117 935 remuneracionem
1141 902 1189 934 eis
1215 902 1394 934 fecerimus

177 959 217 990 de
241 957 391 1000 presenti
416 960 449 989 et
472 960 614 999 propter
637 957 791 989 diversas
815 956 1059 999 occupaciones
1080 958 1114 987 et
1131 956 1238 988 ardua
1254 955 1395 996 negocia

177 1011 392 1043 serenissimo
417 1011 553 1043 domino
578 1010 756 1042 Frederico
781 1010 1010 1042 Romanorum
1036 1009 1119 1051 regi,
1144 1011 1262 1041 nostro
1285 1008 1395 1041 karis-

177 1065 263 1097 simo
288 1064 480 1096 conthorali
503 1064 716 1096 imminentia
736 1065 779 1096 ad
805 1074 864 1096 vos
888 1064 981 1106 ipsas
1006 1074 1045 1095 ex
1071 1063 1285 1095 ordinatione
1309 1062 1395 1094 eius-

177 1119 252 1151 dem
270 1117 398 1151 domini
411 1117 580 1150 Frederici
593 1118 767 1149 remittere
780 1118 974 1156 debeamus,
990 1116 1232 1160 paternitatem
1245 1117 1395 1148 vestram

177 1171 383 1213 requirimus
409 1173 441 1203 et
464 1181 627 1212 rogamus
652 1172 792 1210 attente,
819 1172 987 1213 quatenus
1015 1170 1110 1213 ipsas
1134 1170 1177 1201 ob
1201 1179 1396 1201 remunera-

178 1225 308 1257 cionem
337 1225 558 1257 serviciorum
589 1235 650 1267 per
675 1225 811 1257 easdem
836 1224 934 1257 nobis
958 1224 1191 1266 impensorum
1217 1222 1328 1254 velitis
1353 1222 1395 1253 ob

178 1278 287 1311 nostri
312 1278 439 1310 amoris
467 1278 628 1310 intuitum
657 1278 812 1310 benivole
835 1278 1087 1320 protractarea)
1114 1279 1146 1308 et
1170 1277 1211 1308 de
1234 1275 1396 1318 predictis

177 1331 330 1364 serviciis
360 1332 486 1363 eisdem
514 1331 649 1373 gracias
678 1331 790 1363 facere
818 1330 982 1373 speciales
1014 1330 1049 1362 in
1072 1330 1136 1362 hoc
1160 1329 1258 1361 nobis
1283 1331 1397 1361 vestra

177 1385 364 1427 predilecta
398 1384 588 1427 paternitas
624 1385 754 1417 sincere
789 1384 980 1416 dilectionis
1019 1383 1225 1416 fervenciam
1260 1383 1397 1414 demon-

178 1438 311 1471 strabit.
356 1439 434 1470 Dat.
459 1438 493 1469 in
517 1439 632 1470 Baden
656 1438 729 1469 XV.
754 1438 918 1470 kalendas
941 1437 1034 1469 Julii.

284 1491 352 1518 ORD
374 1491 471 1517 11791.
510 1491 552 1517 Or.
572 1491 634 1524 Pap.
655 1491 711 1524 Ssp.
750 1491 781 1516 Iu
809 1491 860 1516 den
890 1490 1067 1523 Rechnungen
1097 1490 1204 1523 Jaymes
1231 1489 1337 1514 werden
1366 1497 1398 1514 zu

177 1535 399 1569 Juli-September
418 1536 526 1569 (1315P)
546 1536 675 1562 erwahnt:
696 1536 763 1561 Item
773 1535 842 1561 done
860 1543 892 1561 311
903 1535 1045 1561 Frederich
1065 1536 1178 1560 maest-ro
1198 1534 1230 1559 de
1250 1533 1274 1559 Ia
1293 1533 1399 1559 cambra

178 1581 237 1607 dela
259 1589 371 1613 senyora
388 1580 475 1606 Isabel
498 1580 588 1614 regina
605 1580 661 1606 dels
680 1580 794 1606 Romans
809 1601 814 1605 .
830 1601 835 1605 .
851 1601 856 1605 .
876 1580 922 1607 DC
941 1582 1042 1611 tornes,
1067 1579 1105 1605 los
1125 1578 1198 1612 quals
1217 1579 1336 1604 costaren
1352 1599 1356 1602 .
1372 1598 1376 1603 .
1392 1597 1398 1603 .

179 1626 217 1651 VI
235 1625 281 1651 sol.
302 1627 327 1651 et
346 1625 384 1651 VI
404 1625 441 1651 ds.
462 1633 508 1658 per
526 1624 597 1651 libr:
616 1624 739 1652 DCLXII
759 1624 804 1650 sol.
819 1624 857 1650 VI
877 1625 900 1650 d.
922 1624 1016 1650 Bareh.
1032 1623 1146 1649 -Item
1165 1623 1232 1649 done
1251 1631 1267 1648 a
1285 1624 1398 1648 maestre

179 1670 243 1696 Fros
263 1671 289 1696 et
307 1677 323 1695 a
340 1672 453 1695 maestre
473 1669 558 1695 Freoli
576 1668 686 1702 jutglars
705 1668 746 1695 del
765 1677 813 1702 rey
831 1668 886 1695 dels
905 1669 1033 1701 Romans,
1053 1668 1091 1693 los
1110 1667 1183 1702 quals
1202 1666 1226 1693 10
1245 1674 1341 1700 senyor
1359 1666 1399 1692 lus

179 1722 256 1740 mana
274 1714 355 1739 donar
374 1714 405 1739 de
424 1713 511 1747 gracia
522 1713 569 1740 DC
587 1712 633 1739 301.
647 1713 742 1740 Bareh.
770 1713 839 1739 Item
858 1713 898 1739 lus
918 1713 985 1739 done
1004 1721 1051 1746 per
1070 1712 1111 1738 1111·
1124 1712 1223 1738 vestir.
1240 1733 1244 1737 .
1261 1732 1265 1737 .
1280 1711 1306 1737 X
1321 1719 1399 1737 canes

179 1759 211 1784 de
234 1759 298 1791 drap
322 1757 431 1784 meselat
454 1758 486 1783 de
506 1757 637 1784 Mellines:
662 1758 747 1783 kostet
766 1758 801 1783 im
821 1765 921 1791 ganzen
941 1757 1081 1784 CCCLXX
1101 1756 1147 1782 sol.
1167 1756 1205 1782 VI
1224 1756 1248 1781 d.
1287 1756 1353 1781 Item
1372 1755 1398 1781 II

180 1811 261 1836 penes
279 1803 429 1835 Jenoueses,
449 1802 492 1835 qui
512 1804 630 1828 costareu
644 1802 692 1828 LII
711 1801 756 1827 sol.
786 1802 854 1828 Item
873 1802 940 1828 done
959 1810 975 1828 a
993 1810 1028 1828 un
1047 1802 1109 1827 hom
1129 1801 1170 1826 1111·
1189 1809 1236 1834 per
1255 1800 1355 1826 vestis.
1373 1820 1377 1825 .
1394 1820 1398 1825 .

181 1847 256 1874 CIlII
275 1847 320 1874 sol.
335 1847 372 1872 VI
392 1846 416 1872 d.
454 1847 522 1872 Item
541 1855 593 1872 una
612 1855 679 1879 pena
697 1854 776 1879 negre
796 1847 828 1872 de
848 1846 946 1875 covills,
966 1846 1010 1880 qui
1030 1848 1103 1872 costa
1116 1845 1171 1871 XII
1190 1845 1236 1871 sol.
1273 1844 1341 1870 Item
1360 1844 1400 1870 lus

181 1892 247 1917 done
272 1899 318 1924 per
341 1893 459 1917 oustures
482 1893 509 1916 et
533 1890 611 1917 altres
642 1890 760 1916 havaries
785 1890 856 1917 deles
880 1891 946 1916 dites
971 1891 1117 1916 vestidures
1141 1889 1221 1915 XXV
1245 1888 1290 1915 sol.
1316 1889 1355 1914 IX
1375 1889 1399 1915 d.

182 1936 245 1962 Eaxi
269 1937 361 1961 munta
384 1943 429 1968 per
453 1937 491 1961 tot
514 1944 543 1966 co
568 1943 617 1969 que
642 1935 681 1960 lus
705 1935 738 1960 he
763 1935 841 1961 donat
859 1935 1015 1962 MCLXHH
1040 1934 1085 1960 sol.
1106 1934 1147 1960 IX
1171 1935 1194 1960 d.
1214 1933 1309 1959 Baroh.
1346 1933 1401 1959 Der

182 1980 336 2006 Vermittler
354 1980 400 2005 der
413 1980 629 2013 Korrespondenz
649 1979 780 2005 zwischen
792 1979 874 2005 Vater
892 1980 945 2005 und
958 1979 1069 2005 Tochter
1080 1979 1184 2005 Johann
1199 1986 1251 2003 von
1265 1978 1399 2004 Konstanz

182 2025 247 2050 wird
267 2033 316 2050 von
335 2025 428 2057 Jayme
453 2032 512 2050 zum
531 2024 690 2050 domesticus
710 2025 735 2049 et
755 2032 845 2049 cursor
864 2031 1053 2057 angenommen
1073 2023 1126 2048 und
1146 2023 1193 2049 der
1211 2022 1293 2049 Sohar
1311 2022 1400 2048 seiner

182 2069 368 2095 Dienerschaft
387 2068 539 2102 eingereiht.
579 2069 647 2095 1314
666 2067 779 2094 October
797 2068 831 2094 23
852 2068 913 2094 Rea.
933 2067 983 2093 ‘211
1004 2068 1023 2093 f.
1043 2067 1103 2093 220.

239 2123 280 2144 ΜΞ
296 2124 318 2155 Θ)
337 2124 436 2157 aquets.
496 2123 518 2156 a)
538 2122 570 2149 So
591 2122 635 2149 Or.

244 2202 284 2224 242
295 2202 314 2236 τ)
333 2203 368 2228 Ε3
386 2202 475 2236 folgen
494 2202 798 2229 Familiennachrichten.
836 2202 941 2228 Ότι-11330.

289 2247 310 2280 Β)
330 2247 360 2274 In
380 2247 453 2273 einer
471 2247 642 2273 Nachschrist
661 2246 736 2273 weist
754 2246 791 2273 sie
811 2246 878 2272 noch
897 2246 943 2272 aus
961 2246 1038 2272 einen
1057 2245 1131 2272 Brief
1150 2246 1196 2272 der
1215 2245 1328 2279 Konigin
1347 2245 1401 2271 hin·

184 2291 249 2318 betr.
268 2292 345 2318 einen
364 2299 493 2324 camerer,
513 2291 563 2317 den
582 2291 619 2318 sie
637 2291 723 2317 ihrem
742 2291 852 2323 Bruder,
871 2291 931 2317 dem
951 2290 1049 2317 Graien
1068 2298 1120 2316 von
1140 2289 1235 2324 Urgel,
1254 2289 1400 2324 empfiehlt.
