1673 2641
646 218 682 222 —-
732 200 795 231 413
844 219 883 221 —

158 297 238 330 dicti
276 297 364 338 regis
404 297 541 329 suerunt
581 297 689 338 posite
729 297 762 328 in
815 307 917 328 manu
955 297 1122 337 sequestri
1163 296 1251 327 inter
1294 295 1373 327 civi-

156 353 245 383 tates
277 353 309 381 et
340 360 463 391 magna
492 349 567 381 loca
591 350 666 387 XII,
699 360 763 391 que
796 349 1019 391 prestiterunt
1050 349 1247 389 homagium
1282 349 1371 380 dicto

156 403 230 445 regi
263 405 296 435 et
328 402 458 435 nobiles
494 402 753 444 quinquaginta,
784 403 871 444 quod
904 402 1086 434 Australes
1118 402 1219 433 istan]
1253 412 1371 444 pacem

157 457 342 489 servabunt
366 458 398 487 et
422 456 509 487 dicte
534 456 689 488 civitates
715 458 747 487 et
772 456 846 487 loca
870 458 950 488 sunt
979 456 1019 486 de
1044 455 1201 487 districtu
1227 456 1372 487 Austra-

158 510 249 541 lium.
290 510 358 541 Iste
376 511 426 540 est
444 518 529 540 unus
546 509 676 548 modus,
701 509 759 550 qui
775 508 829 540 hic
846 510 1018 547 narratur,
1037 508 1094 539 alii
1108 510 1250 539 narrant
1264 508 1372 539 aliter.

264 564 409 594 Atamen
434 564 561 593 certum
588 564 648 600 est,
674 562 764 603 quod
781 562 891 593 (lictus
910 562 976 592 dux
996 561 1133 592 Austrie
1151 562 1191 592 sle
1213 561 1372 602 capcione

159 618 210 647 est
233 615 406 647 liberatus.
446 615 523 646 Janl
542 617 711 646 tractatur
735 615 834 656 hiez’),
861 615 949 656 quod
975 614 1131 646 dominus
1156 624 1245 655 papa
1262 615 1375 655 potest

159 669 355 711 dispensare
386 668 419 699 iu
451 668 640 699 iuramento
673 670 705 699 et
736 668 767 698 in
803 667 889 699 aliis.
937 668 979 698 Et
1004 669 1191 708 procurant
1215 677 1374 708 guerram

159 725 192 753 et
209 722 407 753 divisionem
424 721 512 752 inter
530 732 595 752 eos.
635 721 678 752 Et
695 721 853 756 creditur,
873 721 962 761 quod
980 730 1077 751 omne
1095 720 1375 761 impedimentum

159 775 378 817 prestabitur⁷
415 775 503 816 quod
540 774 649 805 dictus
686 784 743 805 rex
780 774 813 805 111
847 773 998 804 Ytaliam
1034 783 1101 804 non
1137 773 1261 811 veniat,
1297 783 1374 814 ymo

159 830 373 870 procuratur,
399 828 486 868 quod
512 827 601 858 inter
625 837 660 858 se
685 827 718 857 in
738 826 943 857 Alamannia
966 826 1194 857 destruantur.
1232 826 1375 864 Dicitur,

160 882 250 923 quod
274 881 346 922 ipse
370 891 429 911 rex
452 880 588 918 iuravit,
610 880 672 911 hoc
690 890 779 911 anno
796 879 830 910 in
848 879 1000 910 Ytaliani
1018 879 1132 910 venire
1149 879 1376 920 personaliter

160 938 193 966 et
210 934 335 965 Ytalici
352 933 416 965 sibi
434 933 660 974 quantitatem
677 932 837 974 peccunie
854 932 1094 974 promiserunt.
1136 930 1212 963 Cito
1229 932 1375 964 sciemus

161 987 349 1019 veritatem.

264 1041 336 1072 Rex
366 1040 534 1071 Robertus
563 1049 626 1080 pro
656 1040 747 1070 certo
778 1038 861 1070 facit
890 1038 1075 1069 maximum
1103 1040 1307 1080 apparatum
1334 1038 1377 1069 ad

162 1094 306 1126 eundum
340 1093 374 1124 in
407 1092 566 1124 siciliam.
613 1092 745 1131 Fertur,
781 1092 871 1133 quod
905 1091 1015 1123 dictus
1049 1101 1109 1122 rex
1144 1091 1376 1123 Romanorum

161 1157 236 1178 611111
265 1146 426 1186 citavit-⁴3),
457 1148 495 1177 ut
525 1147 656 1186 prestet
686 1145 752 1176 sibi
784 1144 982 1185 homagium
1014 1145 1054 1176 de
1087 1144 1198 1183 terris⁷
1224 1154 1309 1186 quas
1334 1144 1376 1176 ab

160 1199 303 1242 imperio
337 1201 438 1237 tenet,
473 1199 558 1230 alias
590 1199 751 1240 procedet
785 1200 906 1229 contra
938 1208 1023 1237 eum,
1055 1200 1090 1229 ut
1115 1199 1154 1229 de
1179 1198 1251 1229 iure
1275 1197 1378 1229 fuerit

160 1253 419 1296 procedendum.
473 1252 545 1283 Rex
580 1252 749 1283 Robertus
790 1251 989 1283 citacirmem
1030 1251 1122 1283 misit
1161 1261 1258 1293 pape.
1305 1251 1377 1283 Ista

162 1306 276 1338 audivi
301 1316 321 1337 a
344 1305 584 1337 cardinalibus.

267 1359 337 1390 Rex
362 1358 501 1390 Francie
526 1360 559 1389 et
583 1368 641 1389 rex
665 1358 789 1399 Anglie
813 1361 938 1399 parant
963 1368 997 1390 se
1023 1358 1066 1389 ad
1089 1367 1259 1399 guerram.
1307 1357 1377 1388 Rex

162 1413 302 1444 Francie
332 1412 553 1443 mandaverat
582 1411 752 1443 nobilibus
782 1411 822 1442 de
846 1420 950 1452 regno
975 1420 1050 1449 suc,
1076 1411 1166 1452 quod
1190 1410 1301 1452 prima
1326 1410 1378 1441 die

162 1466 267 1498 Madii
296 1467 408 1497 essent
437 1464 634 1505 congregati
663 1464 697 1495 111
727 1464 873 1505 quodam
903 1464 976 1495 loco
1002 1463 1036 1495 in
1060 1463 1178 1504 lingua
1203 1463 1376 1495 Occitana.

161 1519 220 1552 Set
251 1518 341 1550 facto
377 1518 443 1549 isto
479 1518 655 1555 mandato⁷
692 1517 811 1558 regina
847 1516 969 1558 Anglie
1009 1526 1107 1548 soror
1146 1516 1247 1548 istius
1288 1516 1379 1557 regis

162 1572 304 1604 Francie
321 1571 394 1602 XX.
421 1570 473 1602 die
495 1570 614 1602 Marcii
639 1570 780 1611 aplicuit
804 1570 956 1602 Parisius
981 1573 1014 1601 et
1038 1572 1208 1601 tractatu]-
1232 1570 1272 1601 de
1296 1579 1379 1611 pace

162 1626 251 1657 inter
275 1625 379 1664 eos-st)
426 1624 552 1655 Tamen
577 1624 685 1654 adhuc
710 1623 815 1654 nichil
840 1626 889 1655 est
916 1623 1120 1654 ordinatum.

267 1678 353 1709 Item
389 1687 448 1708 rex
482 1676 618 1708 Boemie
655 1677 748 1708 misit
783 1677 925 1708 nuncios
961 1686 1040 1708 suos
1077 1677 1119 1707 ad
1155 1686 1280 1718 papam
1316 1685 1378 1717 pro

163 1731 303 1763 decimis
332 1729 558 1771 inpetrandis7
588 1732 620 1760 et
648 1729 786 1761 fuerunt
815 1729 879 1761 sibi
909 1739 1065 1761 concesse
1101 1730 1143 1760 ad
1178 1732 1248 1760 tres
1273 1739 1379 1761 annos

164 1788 197 1816 et
220 1783 314 1815 nulla
339 1783 445 1815 scitur
468 1792 581 1822 causa,
607 1793 712 1824 quare
737 1782 803 1814 sibi
828 1792 985 1814 concesse
1009 1782 1192 1822 fuerunt-5)

271 1889 290 1921 2)
310 1889 376 1914 ἛΥΘΓ
394 1889 435 1914 tut
448 1888 494 1914 das
507 1888 623 1913 damals‘?
653 1888 808 1921 Abgesehen
823 1896 870 1913 von
888 1887 964 1913 allem
975 1888 1088 1913 anderen
1100 1887 1145 1913 hat
1154 1887 1259 1920 Herzog
1268 1886 1381 1919 Leopold

165 1933 230 1959 doch
251 1935 339 1966 sp‘ater
358 1941 391 1958 an
411 1933 461 1958 den
480 1932 559 1965 Papst
577 1931 756 1965 geschn'eben.

270 1976 291 2006 3)
312 1977 356 2002 1611
376 1977 442 2002 habe
461 1977 531 2002 dies-e
551 1977 601 2001 den
621 1975 779 2002 Kardinfflen
798 1976 913 2009 gezeigto
934 1976 1043 2001 Zitation
1063 1976 1185 2008 nirgends
1203 1975 1344 2007 gefnnden.

271 2021 291 2051 ⁴)
310 2021 417 2046 Recueil
436 2020 512 2052 XXI.
532 2021 565 2047 66
585 2020 649 2046 wird
668 2020 826 2053 angegehen.
847 2020 906 2046 dass
926 2020 962 2045 sie
982 2028 1024 2045 am
1043 2019 1116 2045 Ende
1136 2020 1181 2045 des
1194 2020 1288 2045 Jahres
1306 2019 1340 2051 (d.
1354 2019 1381 2045 h.

165 2074 212 2091 vor
229 2065 272 2092 25.
292 2065 363 2091 Marz
384 2064 463 2098 1325)
482 2065 637 2090 erschienen
656 2064 700 2090 sei.

246 2134 249 2137 .
272 2110 292 2142 ⁵)
311 2110 359 2135 Die
379 2108 616 2141 Zehntverleihung
643 2108 752 2141 erfolgtc
781 2116 823 2134 am
853 2110 875 2135 1.
895 2108 957 2134 Juni
977 2107 1045 2134 1325
1069 2108 1114 2133 auf
1134 2108 1149 2134 3
1168 2107 1257 2133 ι1111116.
1294 2107 1381 2133 Merk-

166 2154 267 2187 wiirdig
285 2153 424 2187 allel-dings
442 2153 483 2178 die
495 2153 678 2185 Motiviemng.
707 2153 811 2178 Johann
831 2152 902 2177 hatte
922 2153 1013 2178 damm
1031 2151 1150 2185 gebeteu.
1170 2152 1240 2185 quod
1258 2152 1313 2185 ipse
1327 2151 1382 2177 zelo

166 2198 229 2223 fidei
249 2198 389 2223 chn‘stiane
408 2206 549 2223 succensus
568 2197 600 2222 ad
619 2196 775 2229 imponenda
794 2198 922 2229 oportuna
941 2196 1053 2229 presidia
1072 2204 1091 2223 S.
1107 2196 1198 2221 matris
1211 2195 1360 2221 ecclesie..
1377 2216 1382 2221 .

166 2250 245 2276 seque
265 2242 447 2275 exponendum
466 2241 594 2274 obsequiis
614 2241 730 2266 eiusdem
749 2240 878 2267 ecclesie.
903 2262 908 2267 .
933 2262 938 2267 .
960 2243 1012 2266 toto
1037 2240 1136 2273 aspirat
1149 2240 1256 2266 affectu.
1288 2240 1382 2273 Liinig⁷

167 2286 228 2313 cod.
248 2286 335 2313 Germ.
356 2285 417 2319 dipl.
438 2286 450 2311 Ι
469 2286 494 2311 S.
513 2285 563 2311 98?
584 2285 632 2311 mit
650 2285 777 2311 falschcin
797 2285 901 2312 Datum.
