1673 2641
679 169 917 200 —491—

299 263 455 296 Ceterum
481 265 567 296 sciat
591 265 791 296 excellencia
818 265 922 304 reg-ia,
948 266 1036 307 quod
1062 265 1127 296 hiis
1152 265 1270 297 diebus
1295 275 1406 297 comes

192 318 393 359 Anuonie‘2),
412 318 469 359 (1111
493 318 618 350 dicItur
634 319 674 349 de
690 318 878 350 maioribus
895 319 1074 350 Alamanie
1099 322 1131 350 et
1149 319 1288 350 Francio
1309 329 1406 357 unus,

192 370 285 403 misit
314 371 471 403 abbatem
505 372 684 413 quendam,
718 372 919 412 magistrum
950 372 982 403 in
1014 372 1196 413 theologia,
1233 372 1406 403 ambaxia-

193 426 299 456 torem
326 425 368 455 ad
392 434 504 465 regem
532 425 726 460 Robertum,
753 425 866 456 diceus
892 428 923 456 et
948 429 1076 466 petens,
1103 426 1192 466 quod
1212 425 1349 456 tenebat
1373 425 1406 456 111

193 488 327 509 carcere
345 478 630 519 consanguineam
650 488 746 509 suam
766 478 1002 519 principissam
1020 478 1157 519 Aehaye
1177 478 1289 509 minus
1310 478 1406 510 iuste.

192 530 306 570 Quare
345 531 480 573 placeat
520 531 645 563 dictam
689 531 975 573 consanguineam
1015 531 1167 563 libertati
1203 532 1329 563 donare
1369 542 1409 563 ao

193 585 333 615 reddere
362 584 412 615 1111
440 584 668 626 principatum
699 584 769 615 eius
799 587 833 615 et
857 587 995 623 terram,
1029 594 1129 626 quam
1155 585 1292 616 tenebat
1315 584 1407 616 inde-

193 637 262 668 bite
288 639 498 679 occupatam.
542 637 704 679 Alioquia
725 638 812 669 sicut
835 637 943 669 hostis
968 637 1165 669 intendebat
1194 637 1258 669 sibi
1281 639 1313 669 et
1337 638 1408 669 suis

194 690 226 721 iu
253 691 411 722 omnibus
437 691 622 722 adversari.
670 690 780 729 Quam
807 690 942 732 quidem
972 691 1204 722 ambaxiatam
1234 691 1324 722 idem
1349 701 1406 722 rex

193 744 350 785 exposuit
374 743 489 775 statim
515 754 612 786 pape.
660 744 780 786 Itaque
808 754 899 786 papa
923 743 1016 775 misit
1040 754 1102 785 pro
1128 744 1250 775 abbate
1274 743 1407 786 prefato

193 796 289 837 eique
324 797 498 828 curialiter
533 797 629 836 dixit,
671 797 760 838 quod
796 807 863 828 11011
899 797 1040 828 decebat
1074 797 1197 839 ipsum,
1237 797 1406 829 hominem

191 850 329 890 quidem
353 849 551 891 religiosum
577 852 610 881 et
635 850 718 881 adeo
743 849 944 889 litteratum,
975 850 1191 882 ambaxiatas
1215 850 1408 882 huiusmodi

192 913 375 944 procurare
391 903 445 934 vel
469 902 589 934 facere.
631 902 694 934 Cui
717 903 807 935 idem
832 903 939 935 abbas·
962 903 997 934 in
1017 903 1079 935 hec
1094 904 1199 935 verba
1217 903 1407 945 respondit:

191 957 293 987 Pater
313 958 438 995 sancte,
463 956 583 998 inquit,
608 956 704 989 salva
721 956 916 988 reverencia
939 956 1132 988 sanctitatis
1151 958 1273 996 vestre,
1298 957 1410 988 decuit

192 1019 245 1040 me
272 1009 528 1041 racionabiliter
559 1012 591 1041 et
614 1011 782 1052 oportune
807 1009 932 1041 dictam
963 1010 1194 1041 ambaxiatam
1226 1010 1408 1052 suscipere,

192 1064 263 1093 tum
300 1062 379 1104 quia
414 1062 503 1095 idem
539 1072 651 1095 comes
684 1062 839 1095 Annonie
875 1065 927 1095 est
961 1062 1118 1095 dominus
1152 1074 1247 1095 mens
1281 1065 1314 1095 et
1347 1073 1409 1105 ego

191 1115 342 1147 vasallus
365 1116 484 1157 ipsius,
516 1127 591 1148 cum
617 1115 730 1155 etiam,
762 1116 842 1157 quia
868 1115 1030 1149 curialius
1062 1118 1096 1148 et
1118 1126 1186 1148 non
1217 1117 1266 1149 sic
1290 1117 1409 1148 acerbe

192 1169 332 1211 exposui
357 1169 588 1201 ambaxiatam
626 1170 805 1211 prefatam,
843 1180 939 1211 quem
979 1170 1021 1201 ad
1058 1170 1195 1202 modum
1231 1170 1339 1202 habeo
1375 1170 1409 1201 in

191 1222 363 1255 mandatis
388 1224 420 1254 et
445 1223 532 1254 sicut
549 1223 692 1256 dixisset
714 1223 810 1255 illam
828 1223 925 1263 alius,
951 1223 1008 1264 qui
1029 1224 1071 1254 ad
1095 1223 1289 1255 huiusmodi
1309 1225 1409 1255 antea

193 1275 353 1307 extiterat
383 1277 570 1308 ordinatus.
618 1275 695 1308 Stat
725 1276 840 1318 itaque
866 1278 898 1308 et
928 1279 1084 1318 expectat
1114 1276 1149 1308 in
1181 1277 1275 1308 curia
1299 1276 1409 1308 dictus

193 1329 299 1360 abbas
334 1331 452 1371 petens
484 1329 640 1361 continue
676 1329 851 1362 licenciam
882 1330 1077 1368 recedendi;
1113 1332 1165 1361 set
1198 1330 1308 1362 adhuc
1342 1340 1409 1361 11011

192 1382 299 1413 valuit
324 1383 486 1415 obtinere.

298 1436 351 1467 Ad
387 1436 545 1468 ultimum
584 1439 704 1468 noscat
741 1436 907 1469 serenitas
941 1438 1066 1475 vestra,
1108 1436 1198 1478 quod
1231 1436 1409 1478 episcopus

192 1488 453 1530 Florentinus3),
489 1500 577 1531 pape
602 1490 700 1521 valde
726 1490 878 1529 dilectus,
914 1489 966 1521 vir
990 1490 1106 1532 ntique
1131 1490 1341 1532 sanguinisb)
1378 1493 1411 1522 et

193 1542 354 1583 pesimus,
379 1553 500 1583 genere
517 1543 675 1581 rusticus,
713 1543 878 1575 afectione
903 1542 1032 1582 Gelt'ns,
1056 1553 1169 1585 nuper
1188 1544 1229 1575 de
1253 1544 1410 1585 partibus

195 1596 387 1628 Lonbardie
405 1598 437 1627 et
454 1596 583 1636 Tuscie,
607 1596 664 1628 ubi
681 1598 815 1638 strages
846 1596 1023 1638 utriusque
1045 1606 1145 1628 sexus
1163 1596 1411 1629 Gebillinorum

195 1649 230 1680 111
254 1648 372 1681 multis
392 1649 632 1682 dolositatibus
656 1649 854 1692 procuravit
879 1652 911 1681 et
935 1649 1130 1692 specialiter
1152 1660 1267 1681 necem
1284 1650 1411 1682 domini

195 1702 247 1733 sui
273 1711 312 1733 ac
332 1702 465 1734 comitis
482 1702 662 1741 Frederici,
687 1713 776 1734 nunc
792 1703 885 1734 venit
907 1703 1041 1735 noviter
1065 1703 1106 1735 ad
1128 1703 1266 1735 curiam.
1306 1703 1411 1735 Tran-

193 1755 283 1786 siens
307 1755 423 1797 itaque
458 1766 519 1798 per
542 1756 684 1788 Pisanos
709 1766 871 1798 generose
908 1758 939 1788 et
963 1756 1107 1788 multum
1138 1756 1322 1789 honorifice
1346 1757 1411 1789 snit

295 1809 316 1837 b]
336 1808 450 1842 sanginis
469 1808 512 1834 Or.

300 1869 320 1898 ²)
339 1869 396 1903 Vgl.
426 1871 477 1896 den
496 1871 570 1896 Brief
599 1871 645 1897 des
664 1871 772 1904 Papstes
800 1879 858 1896 vom
890 1871 930 1896 12.
950 1871 1012 1896 Juni
1034 1871 1112 1897 1323:
1134 1871 1281 1904 Mitteilung
1308 1872 1410 1900 dessen.

195 1922 248 1940 was
268 1914 352 1948 Konig
371 1914 468 1940 Rohon
486 1915 541 1940 111111
560 1915 626 1941 iiber
645 1915 685 1940 die
704 1916 849 1949 gefangene
868 1915 975 1941 Fiirstin
987 1915 1113 1941 Maelitild
1132 1923 1182 1940 von
1196 1915 1303 1948 Achaya
1320 1918 1412 1949 gesagt

194 1958 268 1984 habe.
306 1958 435 1986 Abhandl.
456 1959 502 1984 der
523 1981 527 1985 .
549 1981 554 1985 .
576 1980 581 1985 .
602 1959 673 1993 bayr.
694 1959 774 1986 Akad.
795 1960 820 1985 d.
839 1959 1066 1985 Wissensehaften
1088 1960 1166 1989 XVI,
1195 1960 1224 1993 2,
1248 1960 1308 1986 262.
1345 1961 1411 1986 Dort

193 2003 314 2029 weiterer
332 2003 434 2035 Belege.

301 2047 321 2081 ³)
341 2048 471 2074 Antonius
492 2048 674 2074 1309-1323.
704 2048 758 2074 Der
771 2049 835 2074 Graf
849 2048 992 2075 Friedrich.
1012 2056 1045 2074 an
1064 2048 1158 2074 dessen
1171 2049 1223 2075 Tod
1243 2049 1289 2074 der
1302 2049 1411 2075 Bischof

194 2092 285 2130 ⁴schal-l
315 2092 371 2117 sein
390 2092 449 2118 soll.
479 2093 512 2118 ist
536 2092 603 2118 wohl
623 2093 757 2119 Friedrich
776 2101 827 2118 von
846 2092 1022 2119 Monteteltre.
1042 2093 1088 2118 der
1108 2109 1140 2111 —
1160 2094 1326 2126 persecutore
1346 2094 1371 2119 di
1390 2103 1410 2120 s.

194 2137 282 2162 chiesa
302 2152 333 2155 „-
354 2136 414 2170 (vgl.
429 2136 522 2162 Yillani
541 2137 667 2163 Muratori
686 2137 763 2163 XIII.
783 2138 844 2170 511)
863 2146 905 2163 ani
924 2137 1053 2170 26..³.1›rfl
1075 2137 1140 2163 1321
1163 2138 1294 2163 ermordct
1312 2139 1409 2164 wurdc.

195 2181 372 2214 Merkwurdjg
399 2181 433 2207 ist
461 2181 502 2207 die
521 2176 782 2215 s'bereinstimniung
809 2182 856 2207 der
883 2181 940 2207 hicr
967 2181 1118 2215 gegebenen
1143 2181 1346 2208 Charakteristik
1363 2183 1411 2208 mit

193 2225 261 2251 Dino
275 2225 415 2259 Compagni
429 2226 481 2259 (ed.
494 2225 535 2251 del
549 2226 639 2259 Lungo
652 2226 687 2258 11,
707 2226 780 2259 343):
800 2226 834 2252 Di
856 2225 906 2251 vile
926 2226 1041 2258 nazione,
1061 2226 1177 2252 animoso
1196 2226 1224 2252 in
1236 2229 1311 2260 parte
1323 2226 1412 2261 guelsa

194 2278 208 2296 e
227 2269 306 2297 molto
324 2269 368 2297 1101
386 2269 464 2306 vulgo
482 2270 525 2296 del
542 2270 644 2305 popolo,
663 2278 707 2298 ma
725 2279 778 2297 non
796 2270 822 2297 di
841 2272 915 2298 santa
934 2271 995 2297 vita.
1032 2270 1158 2305 Dagegen
1177 2272 1254 2298 Anm.
1275 2271 1317 2297 11.
