1673 2641
606 212 842 242 —355—

119 307 197 340 licet
232 308 297 350 ipsi
334 308 402 340 sint
425 308 490 340 VH
523 318 663 340 numero
700 310 732 339 et
767 318 881 339 eorum
917 307 1055 339 cuilibet
1090 308 1201 338 vestre
1235 305 1333 337 litere

120 362 210 403 regie
239 361 365 393 fuerint
394 364 599 403 presentate,
624 362 690 392 duo
716 364 827 393 tamen
854 372 893 392 cx
918 361 1002 402 ipsis
1027 360 1124 392 vobis
1148 359 1334 391 rescribere

119 415 315 454 noluerunt,
350 415 505 446 videlicet
539 414 694 446 dominus
726 415 875 446 Jacobus
909 413 1126 455 (1¹1ayeta11i,1)
1161 413 1219 454 (1111
1249 412 1334 444 dixit

119 468 230 507 michi,
255 468 345 509 quod
369 468 441 510 ipse
466 470 558 499 totus
582 469 694 499 vester
711 470 771 507 est,
790 467 984 509 specialiter
1000 468 1142 508 propter
1158 465 1332 498 dominum

119 521 290 553 Matheum
316 521 423 553 Rubei
453 520 655 553 avunculum
680 531 789 560 suum,
821 521 889 562 qui,
922 521 1001 552 dum
1026 520 1121 559 vixit,
1152 519 1333 551 tenerrime

121 585 178 605 vos
204 574 335 606 dilexit:
361 577 412 606 set
437 585 538 616 super
562 574 702 616 negocio
727 574 861 616 imperii
886 573 978 604 nullo
1002 573 1102 604 modo
1122 572 1334 611 rescriberet,

120 627 200 669 quia
236 627 344 659 multa
380 626 532 669 pericula
570 627 636 659 fuit
675 637 779 669 passa
818 637 880 658 sua
915 627 1035 658 domus
1080 626 1114 657 in
1147 625 1238 657 Urbe
1275 635 1336 667 per

121 680 360 722 imperatorem
386 681 542 722 proximo
566 691 655 712 nunc
679 680 883 712 defunctum.
931 679 1098 711 Dominus
1123 678 1335 720 Guyllelmus

119 734 159 765 de
183 734 349 775 Pergamo
375 734 477 765 etiam
502 744 569 765 non
594 733 751 765 rescribit
775 735 826 765 set
851 733 937 764 dixit
960 732 1078 771 michi,
1104 732 1194 774 quod
1219 742 1335 763 secure

119 787 296 818 confidatis
332 788 372 818 de
406 797 455 826 eo,
489 786 580 828 quod
614 789 646 818 et
679 786 714 818 in
745 786 811 818 isto
842 785 982 827 negocio
1008 785 1098 816 etin
1124 795 1335 826 quocumque

119 840 185 871 alio
221 840 382 872 honorem
419 842 569 872 vestrum
602 840 655 871 vel
688 842 881 871 vestrorum
912 841 1073 880 tangente
1106 840 1249 880 paratus
1283 841 1334 870 est

118 894 214 925 vobis
247 893 442 935 gratificare
476 896 509 924 et
536 893 683 924 fideliter
713 892 881 924 laborare.
928 892 972 923 Et
996 891 1098 923 vellet
1126 891 1223 923 vobis
1248 890 1335 922 afec-

118 946 242 978 tionem
269 946 470 986 benivolam,
496 956 598 988 quam
623 946 666 977 ad
690 955 750 977 vos
775 945 873 987 gerit,
899 944 999 977 factis
1024 944 1134 986 magis
1158 945 1335 977 ostendere

118 1010 220 1041 quam
245 1010 305 1041 per
329 1000 442 1031 verba.
489 1000 532 1031 Et
557 1002 657 1038 certe,
682 999 879 1031 serenisime
904 998 1073 1041 princeps,
1095 998 1210 1030 valens
1235 998 1336 1029 homo

118 1056 169 1084 est
194 1056 226 1084 et
250 1053 325 1085 sani
349 1053 481 1085 consilii
507 1055 540 1085 et
563 1062 686 1094 magne
709 1052 886 1084 literature
904 1055 937 1083 et
954 1054 1005 1084 est
1022 1052 1150 1084 amicus
1167 1051 1335 1083 factorum

118 1116 184 1137 non
209 1106 387 1138 dictorum.

224 1161 309 1191 Item
359 1160 449 1202 apud
493 1159 691 1191 Valenciam
736 1158 884 1199 didici&
928 1159 1015 1200 quod
1061 1158 1336 1200 archiepiscopus

117 1212 349 1254 Maguntinus,
374 1213 432 1255 qui
456 1212 548 1244 favet
576 1212 627 1244 illi
654 1212 827 1244 Ludouico
856 1213 991 1244 Bauaro
1017 1212 1156 1254 scripsit
1180 1211 1336 1243 omnibus

118 1266 349 1298 cardinalibus
374 1267 545 1298 narrando
571 1268 680 1298 totum
706 1276 902 1308 processum
923 1265 1054 1307 negocii
1072 1268 1104 1297 et
1121 1265 1336 1296 informando

118 1330 175 1352 eos
212 1320 247 1351 in
283 1319 435 1352 favorem
468 1320 633 1351 Ludouici
669 1319 824 1361 predicti,
867 1322 967 1361 prout
1001 1319 1158 1350 dominus
1186 1318 1336 1349 «Iacobus

118 1373 158 1404 de
182 1372 386 1415 Collumpna
409 1373 511 1404 michi
536 1373 632 1412 dixit,
654 1372 712 1415 qui
732 1372 903 1404 desiderat
921 1372 1185 1414 prosperitatffln
1202 1371 1336 1413 imperii

118 1428 151 1457 et
175 1426 409 1469 profectum‘2).
458 1426 631 1468 Quidquid
656 1428 770 1458 tamen
788 1426 965 1467 scripserit
983 1429 1015 1457 et
1032 1425 1198 1467 quidquid
1215 1429 1337 1466 gerant

117 1479 308 1511 cardinales
344 1480 379 1511 in
412 1479 570 1511 cordibus
607 1479 692 1511 suis:
729 1489 845 1511 omnes
879 1479 995 1511 dicunt
1030 1489 1065 1511 se
1102 1478 1187 1510 velle
1223 1478 1336 1510 favere

118 1533 290 1575 sepedicto
319 1532 389 1564 filio
419 1536 533 1564 vestro
562 1532 828 1572 considerantes,
858 1533 959 1574 quod,
989 1532 1018 1563 si
1048 1532 1159 1573 ipsum
1184 1532 1337 1564 obtinere

118 1586 293 1628 contingat
323 1596 397 1618 cum
422 1586 539 1618 favore
565 1588 678 1618 vestro
704 1588 736 1617 et
761 1586 928 1627 potencia,
954 1586 994 1617 de
1019 1585 1113 1617 facili
1137 1583 1211 1617 tota
1234 1585 1337 1617 Italia

118 1640 303 1671 subicietur
327 1639 461 1681 imperii
485 1639 618 1671 dicioni.

223 1694 439 1725 Reverendus
467 1695 566 1734 pater
594 1692 702 1724 frater
726 1692 850 1724 Vitalis
882 1692 973 1723 tituli
1004 1692 1113 1724 sancti
1137 1691 1279 1723 Martini
1302 1691 1337 1722 in

118 1746 290 1779 montibus
315 1746 483 1787 presbiter
508 1745 701 1785 cardinalis,
726 1745 783 1787 qui
808 1745 918 1776 Vasco
944 1748 994 1777 est
1019 1747 1052 1776 et
1076 1745 1206 1786 origine
1230 1744 1337 1776 Vasa-

118 1799 234 1838 tensis,
268 1799 411 1830 multum
443 1798 615 1831 desiderat
649 1808 685 1830 se
719 1798 958 1840 obsequiosum
994 1798 1089 1829 vobis
1125 1798 1270 1837 exibere,
1304 1800 1337 1828 et

119 1855 247 1884 secrete
276 1852 433 1894 exposuit
461 1852 574 1890 michi,
604 1852 694 1893 quod
723 1852 879 1883 deberem
904 1851 1000 1883 vobis
1026 1851 1222 1890 rescribere,
1247 1851 1337 1892 quod

120 1905 302 1947 aliquando
335 1908 385 1937 est
408 1905 536 1936 factum
561 1905 701 1936 verbum
731 1905 820 1936 inter
844 1905 1033 1936 cardinales
1060 1905 1099 1935 de
1123 1904 1199 1935 istis
1225 1903 1336 1935 electi-

120 1959 240 1991 onibus
279 1958 370 1999 regis
406 1958 645 1989 Romanorum.
706 1958 748 1989 Et
789 1958 922 1989 videtur
960 1957 1055 1999 ipsis,
1096 1958 1186 1999 quod
1225 1957 1336 1988 minus

120 2012 292 2053 sapienter
316 2014 421 2053 agant
444 2010 494 2042 1111
520 2010 627 2049 electi,
664 2011 745 2052 quia
768 2014 887 2042 neuter
906 2011 1059 2052 ipsorum
1077 2010 1171 2041 misit
1188 2010 1336 2052 aliquem

226 2073 249 2105 ιι)
269 2073 359 2098 didisei
380 2072 423 2098 cr.

229 2163 246 2195 ¹)
266 2162 301 2188 Er
320 2170 373 2187 war
392 2161 485 2186 friiher
504 2161 546 2187 ein
566 2161 708 2194 Auhiinger
726 2161 865 2186 Heinrichs
886 2161 945 2186 VH.
965 2168 1092 2193 gcwescn.

226 2215 246 2246 ²)
264 2215 326 2241 Man
345 2215 465 2240 erinnere
484 2214 548 2240 sich.
568 2214 627 2239 dass
646 2214 732 2239 dieser
746 2214 866 2239 Kar-unul
888 2214 935 2239 mit
954 2214 1026 2239 cino-r
1040 2214 1119 2239 sehon
1140 2214 1193 2239 fast
1210 2214 1245 2239 40
1257 2213 1337 2239 Jahre

120 2260 212 2286 friilwr
240 2260 430 2286 entstandcncn
459 2258 729 2284 reichsfreundlicliou
749 2258 847 2283 Schril't
877 2258 921 2283 *lo-s·
941 2259 1039 2283 Jordan
1068 2267 1118 2283 von
1139 2258 1291 2283 Usnabriick
1311 2258 1337 2283 in

121 2305 291 2337 Verbindung
309 2304 433 2337 gebracht
451 2303 523 2328 wird.

1178 2356 1221 2381 23⁷
