1673 2641
647 187 686 191 -
734 170 796 200 317
846 187 885 190 ἢ

157 266 393 308 compleantur
417 276 491 297 cum
519 265 648 297 effectu.
696 265 826 296 Dantes
851 264 958 296 eidem
984 264 1131 295 Heni-ico
1162 263 1375 305 procuratori

156 322 274 351 nostro
300 319 457 359 generale
483 321 515 350 et
539 318 697 360 speciale,
726 317 868 348 liberum
897 319 929 348 et
954 327 1150 359 expressum
1176 317 1374 347 mandatum

157 372 198 403 ad
226 372 504 410 contrahendum,
529 371 745 403 tractandum
772 373 804 401 et
829 370 1080 411 perficiendum,
1107 379 1315 411 quecumque
1334 369 1375 400 ad

156 425 343 456 essent-iam
375 426 572 456 contractus
604 422 797 454 huiusmodi
829 423 1041 464 sponsalium
1074 426 1104 453 et
1136 421 1375 463 ma[trimo]nii

156 477 222 518 eth)
249 478 292 509 ad
318 477 468 519 ipsorum
488 477 724 509 solennitatem
744 476 975 517 requiruntur,
1002 485 1041 507 ac
1061 475 1172 506 omnia
1192 478 1224 506 et
1241 474 1376 515 singula

155 529 357 569 faciendum,
391 540 454 571 que
486 539 547 561 nos
577 529 643 570 ipsi
674 528 863 560 faceremus
895 532 927 559 et
958 527 1069 559 facere
1101 528 1299 559 deberemus
1323 527 1375 558 vel

156 592 333 624 possemus
363 585 395 614 et
420 592 484 623 que
515 585 637 613 natura
670 584 702 613 et
735 581 883 622 qualitas
914 580 1013 612 huius
1045 581 1175 621 negocii
1208 580 1313 621 exigit
1344 583 1376 611 et

154 635 298 676 requirit
317 635 407 677 [pr]o
425 635 586 676 predictis
608 634 826 675 sponsalibus
850 636 882 665 et
898 633 1117 665 matrimonio
1137 633 1375 664 contrahendis

155 691 188 720 et
204 688 430 730 perficiendis,
456 690 488 719 et
506 687 620 719 omnia
637 687 702 718 alia
721 686 924 724 faciendum,
950 696 1013 727 que
1031 686 1176 727 speciale
1199 686 1376 727 requirunt

154 742 363 772 mandatum.
416 741 458 771 Et
490 740 729 781 promittentes
761 742 909 780 gratum,
942 741 1053 769 ratum
1086 742 1119 769 et
1149 738 1283 770 firmum
1314 748 1375 770 nos

154 804 290 835 semper
315 793 450 832 habere,
476 796 590 824 tenere
611 796 643 823 et
660 791 904 823 inviolalibiter
920 792 1112 826 observare,
1139 791 1298 832 quicquid
1316 802 1376 832 per

154 846 343 888 predictum
370 848 626 887 procuratorem
653 848 685 876 et
709 844 868 875 nuncium
894 848 1048 875 nostrum
1070 844 1171 875 fuerit
1190 847 1373 875 tractatum

154 902 186 930 et
203 898 408 937 ordinatum,
426 901 463 929 ut
480 908 594 939 supra,
616 899 677 929 sub
697 897 860 938 ypotheca
880 897 1030 928 omnium
1048 907 1160 928 rernm
1179 900 1374 928 nostrarum

154 955 185 983 et
217 954 336 983 contra
368 961 416 989 ea,
454 961 518 992 que
548 953 757 981 memoratus
790 952 992 991 prowrator
1023 952 1055 981 et
1087 950 1228 981 nuncius
1260 953 1376 981 noster

152 1004 270 1036 fecerit
284 1004 373 1035 circa
386 1003 521 1045 prefata
535 1003 720 1044 sponsalia,
738 1003 1005 1042 matrimonium,
1024 1003 1221 1034 donacionis
1235 1006 1376 1044 propter

154 1057 295 1099 nupcias
330 1060 363 1088 et
397 1056 485 1088 dotis
522 1056 801 1087 constitucionem
841 1060 872 1087 et
912 1055 1184 1096 assignacionem
1219 1066 1257 1086 ac
1291 1056 1375 1087 obli-

153 1110 328 1151 gacionem
354 1112 518 1147 nostram,
548 1119 608 1150 per
632 1119 693 1140 nos
719 1109 770 1140 vel
796 1108 899 1140 alium
931 1108 1000 1139 ullo
1031 1119 1191 1150 uinquam
1222 1113 1374 1150 tempore

154 1163 280 1195 directe
305 1162 357 1194 vel
374 1162 538 1193 indirecte
556 1172 613 1193 sen
633 1161 887 1203 quomodolibet
904 1171 970 1193 non
988 1161 1113 1200 venire³
1140 1161 1242 1192 immo
1261 1161 1374 1202 potius

153 1216 305 1248 facturos
339 1218 371 1247 et
405 1217 595 1252 curaturos,
630 1217 667 1246 ut
697 1215 902 1256 premissum
934 1217 995 1254 est,
1031 1214 1143 1245 onmia
1177 1216 1209 1245 et
1240 1214 1373 1256 singula

158 1269 358 1311 supradicta
381 1278 443 1310 per
465 1277 527 1299 nos
552 1270 585 1299 et
609 1267 735 1299 dictam
759 1267 864 1299 filiam
890 1270 1043 1299 nostram
1062 1268 1134 1298 fieri
1152 1270 1184 1298 et
1202 1267 1373 1309 compleri.

153 1322 191 1353 In
216 1321 311 1353 cuius
336 1321 384 1352 rei
409 1321 640 1353 testimonium
666 1323 841 1362 presentes
870 1320 1005 1352 litteras
1037 1320 1228 1351 maiestatis
1259 1324 1375 1352 nostre

154 1374 267 1415 sigillo
284 1374 445 1406 iussimus
463 1374 675 1406 communiri.
712 1374 790 1405 Dat.
805 1374 910 1405 Rome
928 1375 1019 1415 apud
1033 1377 1186 1405 sanctam
1201 1373 1373 1412 Sabinam,

153 1427 230 1459 ΠΠ.
256 1437 364 1459 nonas
388 1427 476 1466 Iulii,
505 1427 688 1458 indictione
713 1427 753 1464 X„
784 1437 872 1458 anno
898 1427 1025 1458 domini
1050 1425 1249 1463 MCCCXII,
1279 1427 1374 1467 regni

152 1480 262 1513 nost-ri
288 1490 375 1511 anno
401 1482 533 1521 quarto,
559 1480 693 1521 imperii
719 1489 798 1510 vero
824 1479 944 1521 primo.

259 1559 327 1586 ORD
347 1559 425 1585 4387.
464 1558 578 1584 Gleichz.
599 1558 709 1584 Abschr.
730 1558 832 1590 Papier.
870 1557 1001 1583 Gedmckt
1021 1565 1067 1582 ans
1087 1566 1196 1585 unserer
1214 1557 1304 1588 Quelle
1324 1566 1373 1582 von

153 1602 290 1630 Schwalm.
303 1603 381 1628 MGH
395 1602 599 1630 Constitutiones
612 1602 650 1627 iv
664 1602 712 1628 No.
727 1602 786 1629 817.
819 1604 869 1627 Am
880 1602 970 1627 Rande
989 1610 1039 1626 vnn
1060 1602 1106 1626 der
1119 1601 1239 1634 gleiehen
1253 1601 1329 1626 Hand
1343 1610 1374 1627 zu

153 1647 277 1673 Baiuorie
297 1646 510 1672 durchstriehen:
530 1647 561 1672 Iu
580 1646 705 1679 hystoriis
724 1646 952 1679 Longobardorum
972 1646 1067 1671 dicitur
1087 1646 1205 1672 Baueria,
1230 1646 1374 1674 Barroaria,

153 1693 182 1717 ut
201 1692 253 1716 dux
267 1691 474 1716 Barroariorum.
512 1691 541 1716 In
563 1698 637 1715 einer
654 1690 745 1715 hierzu
765 1690 907 1723 gehorigen
919 1690 1046 1715 Prkunde
1067 1689 1231 1722 (vollstandig
1250 1690 1375 1722 gedruckt

152 1735 338 1768 Forschungen
358 1735 435 1762 xix,
455 1734 489 1761 88
508 1735 555 1760 mit
574 1734 669 1760 Datum
690 1736 714 1761 5.
728 1734 792 1767 Juli)
812 1734 909 1759 erklan
921 1734 1049 1759 Heinrich
1065 1733 1123 1760 VII.
1142 1742 1183 1759 am
1197 1733 1284 1759 selben
1299 1733 1373 1766 Tage.

154 1779 215 1804 dass
225 1779 308 1804 durch
320 1779 361 1804 die
372 1778 526 1804 beiderseits
540 1781 685 1804 ernannten
696 1778 952 1815 Bevollma'chtigten
963 1778 1028 1803 Grai
1038 1777 1163 1803 Heinrich
1180 1786 1230 1802 von
1245 1777 1373 1802 Flzmdern

153 1823 206 1848 und
225 1823 347 1848 Manfred
367 1822 399 1848 de
419 1822 597 1849 claromonte:
622 1822 751 1855 sponsalia
770 1824 796 1847 et
815 1821 1009 1847 matrimonium
1035 1829 1081 1854 per
1101 1821 1179 1846 verba
1203 1822 1234 1846 de
1259 1821 1374 1853 presenti

153 1867 227 1892 iuxta
253 1874 387 1892 sacrorum
417 1874 546 1892 canonum
574 1866 693 1891 instituta
720 1866 789 1891 inter
820 1866 936 1891 inclitam
964 1865 1110 1891 Beatiicem
1144 1865 1225 1890 filiam
1259 1866 1374 1890 nostram

153 1910 317 1940 karissimam
338 1918 369 1935 ex
389 1912 462 1943 parte
481 1918 534 1935 una
547 1911 574 1935 et
586 1909 755 1942 spectabilem
769 1910 877 1935 Petrum
890 1910 984 1942 prefati
999 1909 1066 1941 regis
1080 1909 1204 1935 Friderici
1219 1909 1373 1941 primogeni-

154 1956 209 1979 tum
231 1962 263 1979 ex
283 1953 365 1979 altera
384 1954 561 1979 contraximus
581 1956 606 1979 et
626 1954 791 1979 firmavimus
810 1962 870 1979 cum
890 1953 949 1979 dote
973 1956 999 1978 et
1023 1952 1141 1978 dotalicio
1166 1961 1212 1978 seu
1236 1953 1373 1978 donatione

154 2000 260 2030 propter
287 1998 398 2030 nuptias.
428 2005 491 2030 quas
519 1998 669 2023 statuendas
698 1997 858 2027 duxerimus,
890 2000 915 2022 et
939 1997 1083 2023 secundum
1107 1997 1175 2029 quod
1199 1997 1267 2021 idem
1287 2004 1374 2022 comes

154 2041 332 2074 procuratorio
353 2041 457 2066 nomine
477 2041 587 2073 predicti
606 2041 675 2074 regis
691 2041 814 2066 Friderici
834 2040 940 2066 arbitrio
954 2043 1043 2066 nostro
1059 2041 1231 2066 ordinandum
1245 2040 1374 2065 commisit

154 2087 207 2111 tam
226 2085 253 2110 in
272 2085 415 2118 quantitate
434 2088 461 2110 et
479 2085 554 2110 modo
575 2084 721 2110 securitatis
745 2086 771 2110 et
794 2084 978 2117 assignacionis
1002 2092 1078 2117 quain
1103 2084 1135 2109 de
1158 2084 1212 2110 loco
1236 2084 1279 2109 vel
1302 2084 1373 2110 loeis.

153 2129 181 2154 in
199 2131 249 2162 quo
263 2128 305 2154 vel
318 2128 419 2161 quibus,
439 2128 465 2153 in
479 2136 642 2161 quacumque
655 2130 728 2160 parte
744 2131 812 2153 terre
825 2128 888 2153 dicti
902 2128 979 2161 regis,
1000 2136 1077 2161 quam
1092 2128 1170 2153 habet
1183 2127 1223 2153 vel
1239 2127 1374 2153 habiturus

154 2175 202 2205 est7
231 2173 313 2206 ipsam
337 2173 425 2198 dotem
449 2174 475 2197 et
499 2172 667 2198 donacionem
697 2174 803 2205 propter
830 2172 938 2205 nupcias
966 2180 1013 2197 seu
1042 2172 1190 2197 dotalicium
1215 2171 1373 2198 voluerimus

260 2243 286 2275 b)
306 2242 336 2267 In
355 2242 402 2268 der
421 2242 532 2268 Hdschr.
553 2242 630 2275 folgt:
651 2250 750 2268 eorum.
771 2250 828 2275 quc.
