1673 2641
616 231 855 262 —131—

232 326 456 358 Serenissimo
471 328 616 369 principi
630 328 768 359 domiuo
783 328 910 359 Karulo
928 329 1075 360 secundo
1093 354 1099 359 .
1126 355 1132 360 .
1160 354 1166 359 .
1184 329 1343 360 Jacobus.

127 380 203 411 Dat.
229 383 266 411 111
291 390 405 421 supra.
520 381 613 412 Idem
638 383 675 411 ut
700 391 813 422 supra.

233 427 361 461 Similis
386 429 502 460 inclito
520 430 669 461 Roberto
688 430 832 461 illustris
851 430 978 462 domini
996 431 1115 462 Karoli
1130 431 1344 463 Jherusalem

232 485 264 513 et
301 481 413 513 Sicilie
450 482 539 524 regis
574 483 802 524 primogenito
841 483 917 515 duci
943 482 1099 515 Calabrie
1139 493 1200 516 suo
1237 484 1344 517 karis-

233 535 319 566 simo
344 539 519 577 tamquam
544 535 654 567 fratri.

232 588 352 620 Inclito
378 588 510 630 Pliilipo
541 589 687 631 principi
723 589 905 621 Tarentino
940 590 1005 621 sibi
1041 590 1223 622 karissimo
1259 594 1345 622 tam-

235 648 337 678 quam
362 637 472 668 fratri.

232 690 345 721 Nobili
377 694 409 721 et
433 690 554 722 dilecto
580 691 726 732 Rogerio
752 692 791 722 de
815 691 915 722 Loria
942 701 1124 732 regnorum
1150 696 1344 723 nostrorum

233 744 424 775 amnui-ato.

241 791 370 823 Jacobo
404 793 444 823 de
476 792 564 823 Pisis
599 792 701 823 militi
737 791 863 823 domini
905 802 993 834 pape
1029 792 1192 824 familiari
1223 793 1346 824 dilecto

233 845 341 875 amico
367 848 399 876 et
423 846 544 877 devoto
570 855 640 876 5110.

231 897 345 929 Nobili
375 898 447 929 1110
481 898 515 928 P.
543 898 699 939 Gaytauo
729 898 856 930 domini
889 908 978 940 pape
1013 899 1129 940 nepoti
1163 899 1345 941 comitique

232 950 390 983 Caserteb
416 954 448 982 et
472 951 608 983 domino
634 951 848 983 Miliciarum.

230 1004 379 1036 Jacobus
411 1004 474 1035 Dei
502 1005 619 1046 gracia
643 1007 842 1046 Aragonum
868 1009 929 1037 etc.
955 1005 1140 1036 venerabili
1166 1008 1198 1037 et
1223 1005 1345 1037 dilecto

125 1067 186 1089 suo
211 1057 370 1088 Folcheto
395 1058 597 1098 Legioneusi
623 1058 750 1090 decano
776 1084 782 1088 .
809 1084 815 1089 .
844 1084 849 1089 .
876 1058 953 1090 Dat.
979 1062 1017 1090 ut
1040 1068 1155 1100 supra.
1240 1059 1344 1090 Idem.

232 1109 360 1142 Similis
386 1111 507 1142 dilecto
533 1121 593 1143 suo
619 1111 785 1152 magistro
812 1112 1019 1152 Berengario
1045 1112 1084 1143 de
1109 1112 1251 1154 Banuyl.

231 1163 363 1195 Dilecto
389 1174 449 1195 suo
476 1164 633 1195 Michaeli
658 1165 749 1196 Petri
774 1165 814 1196 de
839 1165 984 1196 Mendia.

231 1217 345 1249 Nobili
370 1220 402 1248 et
427 1217 586 1259 prudenti
610 1217 683 1249 viro
708 1218 870 1258 potestati
888 1218 998 1249 Janue
1019 1218 1165 1250 salutem
1190 1221 1223 1250 et
1247 1228 1345 1250 omne

126 1270 260 1302 bonum.
324 1269 407 1302 Cum
447 1280 508 1302 nos
553 1271 595 1301 ad
638 1271 805 1303 illustrem
846 1282 961 1313 regem
986 1271 1151 1303 Karolum
1191 1281 1345 1303 socerum

126 1326 281 1356 nostrum
307 1349 312 1354 .
341 1349 346 1353 .
374 1349 380 1354 .
405 1324 483 1355 Dat.
510 1326 547 1355 ut
572 1334 685 1364 supra.
799 1324 902 1356 Idem.

233 1376 361 1409 Similis
388 1377 568 1409 Fraucisco
594 1376 786 1413 Scarcatica
811 1377 933 1409 dilecto
959 1378 1069 1410 amico
1086 1381 1119 1409 et
1136 1379 1257 1410 devoto
1273 1388 1345 1410 suo.

232 1429 364 1461 Dilecto
389 1432 422 1461 et
446 1431 568 1462 devoto
593 1440 655 1462 5110
680 1430 875 1463 Christiano
902 1430 1049 1472 Spinule.

234 1483 347 1515 Nobili
383 1486 416 1514 et
454 1483 576 1515 dilecto
616 1484 802 1516 senescallo
842 1484 1019 1516 Prouincie
1051 1510 1057 1515 .
1088 1511 1093 1516 .
1120 1510 1159 1515 ..
1194 1485 1271 1516 Dat.
1309 1487 1347 1516 ut

129 1542 241 1573 supra.
351 1532 455 1563 Idem.

235 1585 364 1617 Similis
388 1585 573 1617 senescallo
597 1586 780 1617 Bellicadri
804 1587 858 1618 vel
883 1586 954 1618 01115
978 1586 1089 1618 locum
1114 1590 1250 1627 tenenti.

234 1638 425 1680 Raginaldo
451 1639 490 1670 de
514 1639 662 1671 Nusiaco
687 1639 815 1671 vicario
840 1640 1036 1671 Biterrensi.

236 1691 375 1723 Cousuli
399 1690 641 1724 Catalanorum
667 1693 700 1724 in
726 1693 822 1725 Pisis.

235 1745 410 1777 11011-01515
435 1748 467 1776 et
491 1745 634 1787 singulis
659 1746 864 1777 officialibus
890 1749 922 1778 et
946 1746 1092 1778 subditis
1110 1746 1239 1778 domini
1255 1746 1346 1787 regis

130 1808 189 1830 nec
220 1808 287 1829 nou
320 1798 453 1830 dilectis
486 1798 604 1829 amicis
637 1802 670 1830 et
700 1799 830 1831 devotis
855 1800 935 1831 suis.
977 1798 1050 1838 Que
1073 1799 1139 1831 fuit
1163 1799 1346 1840 duplicata.

236 1850 433 1882 Venerabili
457 1854 489 1882 et
514 1851 636 1882 dilecto
662 1851 702 1883 G.
729 1852 769 1883 de
793 1852 970 1894 Requesen
995 1852 1183 1884 camerario
1208 1851 1347 1884 ecclesie

130 1904 415 1935 Terrachouensis
454 1904 667 1936 decretorum
715 1905 860 1944 doctori7
900 1905 1117 1946 procuratori
1154 1908 1272 1937 nostro
1312 1905 1346 1936 in

130 1957 285 1988 Romana
320 1957 415 1988 curia
451 1957 635 1989 constituto
673 1960 734 1988 etc.
783 1956 867 1989 Cum
893 1958 1014 1990 dilecto
1046 1984 1051 1989 .
1079 1984 1084 1989 .
1112 1983 1118 1989 .
1142 1958 1346 1990 mandamus

129 2013 321 2051 propterea,
339 2013 376 2041 ut
392 2010 467 2048 11115,
485 2020 550 2051 que
567 2010 677 2042 (1101115
695 2011 819 2042 Vitalis
839 2011 935 2042 vobis
962 2037 967 2042 .
994 2037 999 2042 .
1028 2037 1033 2042 .
1059 2011 1224 2050 retulerit,
1245 2011 1346 2043 fidem

131 2063 320 2095 adhibendo
351 2062 540 2104 plenariam
574 2063 664 2094 circa
697 2074 735 2095 ea
759 2065 985 2104 procuranda,
1010 2065 1189 2096 tractanda
1216 2066 1248 2096 et
1271 2075 1346 2106 per-

129 2116 273 2148 ficienda
294 2115 675 2149 efficaciterintendatis
703 2142 708 2147 .
736 2143 741 2148 .
769 2143 774 2148 .
796 2117 874 2148 Dat.
888 2118 1034 2149 Dertuse
1047 2127 1154 2150 nonas
1167 2118 1347 2150 Februarii

131 2179 218 2201 anno
243 2169 404 2210 predicto.
513 2170 617 2201 Idem.

235 2222 368 2254 Dilecto
386 2222 580 2255 consiliario
602 2233 664 2255 5110
683 2224 859 2256 Bernardo
879 2224 919 2256 de
943 2223 1137 2256 Fonollorio
1159 2226 1221 2256 etc.
1261 2223 1346 2256 Cum

130 2276 289 2308 dilectum
315 2301 321 2306 .
353 2301 358 2307 .
390 2302 396 2307 .
428 2276 698 2316 transmitamus³
734 2287 796 2318 per
830 2287 890 2310 vos
924 2277 1105 2309 informari
1132 2277 1276 2309 velimus
1310 2278 1346 2309 in

235 2329 262 2362 b)
282 2327 381 2355 Caserti
400 2328 463 2363 Reg.

1209 2374 1240 2400 9*
