1673 2641
646 206 882 235 —151—

153 310 214 342 per
249 310 350 341 quam
382 300 445 331 Dei
481 301 618 332 ecclesie
652 303 685 332 et
718 301 876 333 universo
912 302 1039 343 populo
1076 312 1115 332 ac
1151 301 1258 333 statui
1293 301 1370 332 fidei

155 353 337 385 christiane
363 364 401 384 ex
424 353 544 385 vestris
569 354 668 385 iustis
694 355 911 395 processibus
932 355 1059 395 absque
1084 355 1256 393 scandalo,
1282 354 1371 395 quod

154 406 369 437 vehementer
402 406 576 445 incumbit,
615 407 817 448 opportunis
851 407 1010 439 remediis
1042 410 1251 439 sucurratur.
1308 407 1369 444 Qui

154 461 275 490 cuncta
291 459 469 500 gubernat,
486 460 738 491 sanctissimam
756 470 935 501 personam
957 464 1105 492 vestram
1120 461 1161 491 ad
1176 470 1239 492 sua
1251 463 1370 492 sancta

151 512 290 544 servitia
315 512 371 544 din
389 523 464 544 cum
480 513 709 554 prosperitate
727 516 910 545 conservet.
950 514 1025 545 Dat.
1055 514 1263 545 Bai-chinone
1289 514 1364 545 XII.

152 565 324 597 Kalendas
342 566 518 607 Aprilisl).
624 567 818 598 Bernardus
837 567 876 598 de
894 568 1069 598 Auersone
1087 568 1249 599 mandato
1266 566 1368 608 regis.

152 618 196 650 Et
221 618 285 649 fuit
309 619 373 651 sibi
398 619 487 650 lecta
511 629 571 660 per
596 629 681 650 eum.

258 672 342 703 Item
374 671 439 703 fuit
470 672 634 713 scriptum
672 672 830 714 episeopo
863 672 1026 703 Ilerdensi
1059 675 1091 703 et
1124 673 1299 703 Bernardo
1331 673 1370 704 de

152 725 345 756 Fonollario
354 726 382 765 2)
403 725 530 756 inserto
548 727 619 756 toto
646 728 760 757 tenore
778 725 891 756 littere
909 725 1105 766 supradicte
1122 726 1257 757 domino
1284 736 1370 767 pape

152 778 286 809 directe.
340 778 384 809 Et
415 778 567 809 additum
599 778 631 809 in
665 778 888 816 conclusione,
926 780 963 809 ut
993 778 1160 818 seqnitur:
1260 778 1369 819 Quam

150 831 300 862 litteram
315 831 405 862 tradi
418 830 559 863 fecimus
570 831 604 862 in
619 831 822 862 cancellaria
835 833 953 863 nostra
964 831 1092 863 nuntiis
1110 831 1200 872 regis
1212 830 1370 866 Castelle,

152 883 209 924 qui
240 894 313 914 eam
348 884 470 915 debent
511 884 646 916 domino
680 894 812 915 summo
844 884 997 925 pontifici
1028 886 1235 925 presentare.
1293 884 1370 923 Qua

151 938 293 979 propter
309 936 405 969 vobis
429 937 641 973 mandamus,
668 940 836 978 quatenus
861 947 936 968 cum
954 937 1054 968 dietis
1078 937 1206 968 nuntiis
1230 947 1368 978 presen-

150 990 274 1021 tationi
298 990 386 1021 dicte
402 989 515 1021 littere
532 990 709 1029 intersitis,
735 990 791 1031 qni
810 990 912 1022 aliam
938 990 1089 1021 litteram
1114 990 1205 1032 regis
1223 989 1370 1022 Castelle

151 1052 254 1084 super
278 1043 394 1074 eodem
412 1044 502 1074 iacto
527 1043 756 1084 presentaturi
774 1046 853 1075 sunt
878 1044 1013 1075 domino
1039 1044 1165 1085 papessj
1211 1044 1255 1074 Et
1280 1043 1370 1075 eirea

150 1096 263 1137 ipsum
297 1096 470 1137 negotium
506 1097 602 1127 iuxta
638 1096 882 1128 continentiam
919 1097 1032 1129 littere
1068 1099 1183 1129 nostre
1218 1097 1371 1138 predicte

151 1149 266 1189 aliqua
290 1149 428 1181 domino
464 1159 551 1190 pape
576 1159 744 1191 exponere
780 1149 936 1191 poteritis
972 1153 1004 1181 et
1037 1150 1184 1187 refferre,
1221 1152 1273 1182 set
1304 1160 1371 1181 non

150 1202 275 1234 curetis
308 1202 417 1244 plura,
459 1212 560 1243 quam
592 1203 763 1241 scribitur,
805 1203 838 1234 in
872 1204 945 1244 ipso
979 1203 1116 1244 negotio
1158 1203 1369 1244 explicarefl)

148 1255 226 1287 Dat.
252 1255 463 1287 Barchinone
488 1255 562 1286 XII.
586 1255 752 1288 kalendas
777 1256 917 1297 Aprilis.
1026 1257 1130 1288 Idem.

254 1308 317 1341 Reg.
351 1308 402 1334 335
435 1308 456 1333 f.
490 1307 550 1334 262.
605 1308 682 1335 Gedr.
718 1308 852 1334 inkorrekt
884 1309 1043 1341 Benavides,
1081 1308 1221 1334 Memon'as
1254 1309 1285 1334 de
1320 1309 1370 1334 don

148 1352 285 1378 Fernando
305 1352 350 1378 IV.
371 1353 402 1378 de
422 1352 528 1379 Castilla
547 1352 638 1384 (1860)
658 1353 692 1385 11,
714 1352 766 1379 600
785 1353 816 1378 ff.

150 1432 450 1464 103.Verzeichnis
459 1433 521 1464 der
527 1432 740 1473 Geschenke‚
748 1433 804 1465 die
815 1434 998 1465 aufseiner
1006 1433 1276 1466 Gesandtsehaft
1287 1433 1370 1465 1303

149 1486 253 1517 Vidal
266 1486 449 1518 Villanova
465 1486 543 1518 (lein
559 1487 688 1527 Papste
705 1486 852 1519 Bonifaz
867 1487 965 1519 VIII.
983 1487 1083 1528 (oder
1100 1487 1275 1519 Benedikt
1290 1487 1370 1527 xl.)

150 1539 219 1571 und
245 1539 386 1579 einigen
410 1539 627 1571 Kardiniilen
658 1540 821 1580 gemacht
859 1541 931 1572 hat.
978 1540 1144 1572 Valencia
1184 1539 1267 1572 1313
1305 1540 1370 1572 De-

651 1594 792 1625 cember
815 1593 869 1625 21.

254 1654 323 1685 Nos
352 1654 510 1686 Jacobus
538 1656 598 1685 etc.
636 1654 726 1693 Quia
760 1665 831 1694 vos,
872 1655 993 1686 dilecte
1026 1654 1219 1686 consiliarie
1243 1657 1369 1692 noster,

147 1706 271 1739 Vitalis
288 1707 329 1738 de
346 1706 526 1739 Villanoua
548 1717 662 1739 coram
682 1708 780 1740 nobis
799 1708 1005 1747 asseruistis,
1024 1708 1114 1750 quod
1131 1708 1259 1739 dudum
1278 1718 1366 1739 anno

147 1759 304 1791 videlicet
331 1760 459 1791 domini
482 1759 663 1800 MCCOHI,
692 1771 758 1802 quo
788 1771 848 1793 vos
877 1761 1032 1794 misimus
1061 1762 1151 1802 apud
1179 1761 1369 1793 Romanam

150 1812 278 1843 curiam
312 1822 372 1853 pro
405 1813 607 1854 quibusdam
640 1814 767 1846 nostris
799 1814 960 1856 negociis,
995 1814 1125 1846 emistis
1160 1816 1193 1845 et
1226 1814 1367 1846 dedistis

150 1875 191 1896 ex
222 1867 320 1906 parte
352 1868 472 1897 nostra
504 1866 537 1897 in
571 1866 645 1907 ipsa
676 1866 831 1898 Romana
863 1866 959 1897 curia
987 1867 1027 1897 de
1058 1867 1221 1898 mandato
1250 1870 1368 1898 nostro

149 1920 307 1950 oretenus
342 1919 439 1950 vobis
477 1918 582 1958 facto,
620 1919 779 1951 videlicet
812 1919 983 1961 quandam
1019 1920 1149 1960 peciam
1189 1919 1294 1960 panni
1329 1920 1370 1951 de

150 1971 328 2010 escarlato,
354 1971 388 2003 in
413 1982 480 2013 qua
505 1974 602 2003 erant
625 1972 805 2004 tresdecim
831 1982 937 2003 caune
962 1975 995 2003 et
1012 1972 1078 2003 (luo
1095 1972 1201 2013 palmi
1219 1973 1261 2004 ad
1278 1983 1371 2004 men-

149 2034 265 2056 suram
289 2024 601 2065 Montispessulani⁷
628 2027 661 2056 et
685 2025 787 2056 aliani
811 2024 942 2065 peciam
966 2025 1071 2066 panni
1095 2025 1240 2066 presseti
1264 2025 1370 2064 rubei,

256 2112 295 2132 102
307 2112 326 2143 ¹)
346 2112 401 2138 Der
420 2112 635 2145 vorhergehende
654 2112 728 2138 Bn‘ef
746 2112 791 2138 hat
810 2120 877 2138 anno
896 2113 994 2138 domiui
1014 2121 1048 2138 m.
1069 2121 1122 2139 ccc.
1143 2116 1243 2140 octavo.

241 2156 275 2189 ⁷²)
294 2156 375 2182 Beide
395 2164 483 2181 waren
502 2165 591 2190 wegen
614 2157 661 2182 der
681 2156 1023 2190 Grauada-Angelegenheit
1046 2165 1078 2183 an
1108 2157 1156 2183 der
1183 2157 1273 2183 Kurie.
1312 2157 1371 2191 Vgl.

149 2202 238 2226 unten.
277 2201 379 2226 Ebenso
399 2201 440 2226 die
460 2201 629 2227 kastilischen
649 2201 807 2228 Gesandten.

254 2244 275 2278 ³)
294 2245 354 2270 Wir
372 2245 469 2271 wissen
488 2245 555 2271 iiber
573 2245 663 2271 diesen
683 2246 758 2271 Brief
778 2245 874 2273 nichts.

255 2289 276 2324 ⁴)
296 2290 344 2316 Die
366 2290 458 2315 beiden
477 2290 563 2316 haben
582 2289 696 2315 daruber
715 2290 802 2315 nichts
821 2289 960 2316 berichtet.
