1673 2641
657 201 895 231 -121—

170 295 255 327 velle
280 295 439 327 exaudire
464 305 551 337 pape
575 296 729 328 raciones
755 298 787 328 et
810 297 1038 338 ‹›blaci‹1›nes‘')
1068 297 1251 338 predictas.
1299 297 1388 329 Hinc

171 350 231 388 est,
257 349 346 390 quod
370 359 428 379 rex
455 351 554 389 rogat
570 359 630 381 vos
655 351 687 380 et
706 349 848 391 requirit
869 349 1114 391 beneplacitum
1141 352 1302 390 vestrum,
1322 350 1388 382 sibi

170 401 453 433 certitudinaliter
473 412 574 442 super
598 402 662 433 hiis
688 402 896 434 rescribatur
906 402 945 443 Α),
978 403 1133 445 quodque
1158 403 1254 435 vobis
1279 404 1387 435 consi-

170 455 289 486 derare
302 454 435 495 placeat
452 457 483 486 et
497 455 681 493 attendere⁷
697 456 787 496 quod
804 465 893 496 papa
911 458 962 487 est
974 456 1073 487 homo
1085 456 1214 493 unicus,
1231 457 1388 488 mortalis

171 509 203 539 et
216 508 367 548 graviter
380 510 528 549 egrotus,
543 509 699 549 quodque
715 508 813 539 favor
830 509 909 539 talis
929 509 1074 541 hominis
1091 512 1141 541 est
1157 510 1387 548 transitorius,

169 561 265 593 vobis
282 561 375 592 nullo
400 560 533 592 vinculo
558 561 708 593 naturali
726 561 896 593 astrictus.
938 562 1007 593 Rex
1022 566 1134 593 autem
1150 573 1189 593 ac
1205 562 1313 600 liberi,
1327 573 1388 595 vos

171 616 203 645 et
219 614 323 646 vestri
344 614 425 646 estis
443 615 525 645 adeo
544 615 713 646 coniuncti
730 614 873 645 invicem
898 614 1032 646 vinculo
1049 615 1199 646 naturali
1217 626 1255 646 ac.
1272 615 1388 647 stabili

170 669 203 698 et
242 670 405 708 perpetua.
444 666 717 698 confederatione
756 667 893 706 firmati7
934 668 1023 709 quod
1063 668 1156 699 nulla
1196 669 1293 700 daret
1329 672 1388 700 aut

170 720 349 761 perinitere
368 720 508 761 pos-siff)
529 721 629 757 racio,
655 721 744 761 quod
761 721 859 751 favor
876 730 962 761 pape
979 722 1030 752 tot
1045 720 1154 757 iustis,
1174 723 1224 752 tot
1243 722 1387 763 magnis,

170 775 221 805 tot
237 773 376 804 utilibus
395 783 432 803 ac
450 773 623 813 perpetuis
648 773 791 805 vinculis
817 776 905 805 esset
930 773 1159 814 preferendus,
1190 778 1241 805 set
1265 775 1386 807 minus.

170 825 368 858 Consideret
388 828 503 857 vestra
521 825 695 863 celsitudm
721 826 801 867 quia
819 825 933 867 aliquo
952 836 1033 857 casu
1049 829 1164 867 posset
1182 827 1387 868 contingere,

171 880 258 921 quod
275 889 365 920 papa
381 879 453 919 ipse
478 882 597 910 contra
622 889 681 910 vos
707 882 739 910 et
757 879 842 910 alios
868 879 1038 921 principes
1062 880 1269 921 temporales
1287 880 1388 911 vellet

169 932 294 964 similia
330 934 520 973 ateinliitare
554 935 587 963 et
620 932 777 967 maxime,
811 932 840 964 si
870 943 984 974 regem
1018 933 1225 965 Francorum
1258 933 1322 965 sibi
1354 933 1387 964 in

169 985 414 1027 temporalibus
440 985 695 1027 quodomolibet
719 986 938 1027 subiugasset
963 986 1005 1017 ad
1020 985 1043 1027 f)

273 1046 335 1080 Reg.
355 1047 407 1073 334
427 1047 446 1072 f.
462 1046 503 1073 79.
540 1046 590 1072 Die
603 1047 675 1072 Rede
694 1046 739 1072 hat
758 1047 824 1072 iiber
838 1047 928 1072 diesen
941 1047 1029 1073 Punkt
1046 1047 1105 1073 hier
1122 1048 1217 1073 keinen
1236 1048 1387 1074 Abschluss.

168 1092 202 1117 Es
222 1090 351 1125 beginnen
370 1091 466 1116 andere
486 1091 596 1122 Punth
617 1099 657 1118 so:
682 1091 749 1117 Item
769 1091 800 1116 de
817 1091 897 1117 literis
913 1092 995 1124 captis
1014 1093 1041 1117 et
1059 1093 1156 1125 apertis
1174 1101 1223 1117 non
1243 1096 1387 1118 moveatur.

167 1136 310 1162 Darimter:
339 1136 395 1161 Hoc
419 1135 502 1161 habeo
522 1135 608 1161 dicere
628 1135 682 1168 regi
710 1136 737 1160 in
765 1137 874 1161 secreto.
912 1136 1001 1161 Habeo
1030 1136 1226 1169 responsionem
1254 1138 1342 1170 petere
1363 1137 1388 1162 in

168 1179 278 1213 scriptis.
324 1180 393 1205 Item
421 1180 447 1205 et
475 1180 571 1213 regine.
618 1180 697 1205 Diese
732 1180 787 1205 drei
816 1180 891 1205 Satzc
920 1180 954 1205 im
989 1180 1052 1213 Reg.
1081 1181 1292 1208 durchstrichen.
1338 1182 1388 1207 Die

168 1225 301 1258 responsio
322 1224 347 1249 in
367 1224 472 1257 seriptis
489 1224 539 1257 gab
558 1225 652 1257 Jayme
672 1225 707 1251 Π.
727 1232 769 1250 am
790 1225 830 1251 18.
851 1225 1005 1258 September
1023 1225 1093 1255 (Dat.
1108 1225 1274 1251 Bai-chinone
1295 1226 1386 1251 XLIII.

168 1269 290 1295 kalendas
309 1268 429 1295 Octobris
448 1276 469 1294 a.
491 1268 515 1294 d.
536 1269 715 1301 n10.ccc.11).
753 1268 860 1294 Danach
886 1269 919 1294 ist
944 1269 985 1295 die
1005 1269 1060 1295 Zeit
1084 1270 1131 1295 der
1150 1270 1221 1295 h‘ede
1245 1270 1386 1296 bestimmt.

168 1313 309 1346 Dyonisius
328 1313 417 1338 wurde
431 1313 573 1347 abgesandt
588 1321 629 1339 am
645 1314 685 1339 11.
700 1315 801 1347 August
820 1314 872 1343 (die
886 1314 993 1339 sabbato
1009 1316 1066 1347 post
1080 1314 1177 1340 festum
1198 1314 1221 1341 b.
1236 1315 1387 1347 Laurentii).

169 1358 206 1384 Zu
224 1358 283 1383 dem
303 1358 411 1383 zweiten
431 1357 533 1383 Punkte
553 1357 656 1383 schrieb
675 1358 780 1390 Jayme:
814 1358 886 1389 Quod
917 1358 1128 1391 archipresbyter
1148 1358 1388 1392 Cesaraugustanus

168 1410 247 1435 super
266 1402 384 1427 condicto
404 1404 516 1427 tractatu
536 1402 605 1427 inter
624 1402 709 1435 ipsum
728 1410 816 1435 regern
836 1402 944 1427 Francie
967 1404 993 1429 et
1013 1402 1110 1428 dictum
1130 1403 1387 1436 archipresbnerum

168 1446 200 1472 de
220 1446 298 1471 certis
318 1446 419 1472 nunciis
444 1446 511 1479 apud
532 1446 682 1472 Narbonam
707 1455 752 1479 pro
772 1447 839 1472 vista
858 1447 972 1480 ipsomm
993 1455 1084 1481 regum
1112 1448 1247 1473 tractanda
1266 1448 1388 1474 mitendis

168 1490 247 1516 nichil
271 1490 467 1523 significaverat
496 1491 527 1518 ei.
556 1491 588 1516 dc
608 1500 658 1524 quo
683 1491 745 1516 satis
769 1491 955 1518 admirabatur.
994 1492 1025 1517 Et
1044 1492 1121 1524 quod,
1142 1492 1163 1517 si
1184 1492 1251 1517 xis-ta
1273 1493 1389 1525 predicta

169 1535 280 1561 cedebat
303 1535 335 1560 ad
360 1535 551 1568 beneplacitum
571 1535 632 1561 dicti
658 1535 725 1569 regis
748 1535 865 1564 Francie,
886 1557 891 1562 .
913 1558 918 1563 .
939 1558 944 1563 .
964 1535 1079 1569 placeret
1098 1536 1168 1570 regie
1187 1537 1388 1570 magnificencie

169 1579 320 1613 significare
348 1580 402 1612 regi
432 1581 581 1612 Aragonum
611 1579 694 1605 locum
725 1582 751 1605 ct
779 1580 847 1605 diem
868 1601 874 1606 .
895 1601 926 1605 ..
964 1580 1005 1606 Ad
1033 1581 1144 1606 tercium
1174 1582 1312 1614 respondet
1341 1590 1387 1607 rex

170 1625 330 1657 Aragonum,
355 1624 423 1656 quod
447 1623 566 1656 displicet
589 1624 612 1649 ei
633 1624 744 1649 multum
768 1624 799 1650 de
819 1624 953 1650 occasione
972 1624 1086 1650 scandali
1107 1624 1162 1650 sivo·
1181 1626 1317 1654 discordie,
1337 1634 1388 1659 que

168 1671 207 1694 est
226 1668 295 1693 inter
313 1668 447 1693 dominum
466 1676 560 1701 papam
583 1670 609 1693 et
627 1668 713 1701 ipsum
739 1677 824 1701 regem
845 1669 1016 1698 Francorum,
1044 1669 1164 1695 habendo
1188 1672 1336 1703 respectum
1355 1671 1388 1696 ad

168 1712 305 1738 ecclesiam
318 1712 463 1738 Romanam
483 1716 508 1738 et
526 1713 683 1738 attendendo
702 1713 817 1738 debitum
832 1714 1063 1746 consanguinitatis
1077 1716 1102 1739 et
1121 1714 1274 1746 amiciciam,
1295 1715 1388 1747 quibus

168 1757 238 1782 idem
256 1765 304 1782 rex
324 1757 479 1782 coniunctus
499 1757 588 1782 existit
611 1757 665 1790 regi
684 1757 853 1784 Francorum.
890 1757 975 1790 Super
998 1759 1127 1784 contentis
1152 1760 1239 1783 autem
1268 1759 1294 1783 in
1319 1759 1387 1784 dicto

169 1801 282 1834 capitulo
302 1801 417 1826 nondmn
437 1801 488 1826 fuit
500 1801 549 1827 sibi
569 1801 695 1834 scriptum
717 1809 763 1834 per
777 1802 910 1827 dominum
930 1810 1032 1835 papam,
1055 1805 1095 1827 set
1114 1803 1135 1828 si
1155 1803 1319 1835 contingeret
1338 1803 1384 1827 sibi

168 1845 255 1877 scribi,
284 1853 330 1870 rex
350 1847 501 1878 Aragonum
521 1845 691 1871 consideratis
716 1847 741 1870 et
760 1846 867 1871 attentis
886 1846 1118 1880 consanguinitate,
1147 1847 1264 1872 amicicia
1287 1850 1313 1872 et
1331 1847 1387 1873 aliis

169 1889 271 1922 debitis,
299 1889 392 1922 quibus
421 1889 505 1914 eidem
535 1890 589 1922 regi
608 1890 770 1915 Francorum
794 1890 948 1916 coniunctus
971 1890 1067 1923 existit,
1088 1891 1254 1924 respondebit
1283 1891 1387 1917 domino

169 1941 242 1966 pape,
261 1934 289 1958 ut
308 1933 418 1960 decebit.
456 1928 529 1959 Uber
547 1934 597 1959 den
616 1934 711 1965 Punkt,
734 1934 793 1959 dass
813 1934 854 1960 die
874 1934 964 1960 Briefe
981 1935 1028 1961 des
1049 1935 1144 1968 Konigs
1170 1944 1221 1961 von
1240 1935 1387 1968 Aragonien

168 1977 196 2002 in
214 1977 374 2003 Fraukreich
401 1985 453 2003 von
481 1977 645 2011 konigliehen
665 1978 791 2003 Beamten
815 1978 938 2009 geoffnet
957 1979 1036 2009 seien,
1068 1979 1161 2012 glaubo
1184 1988 1220 2010 er,
1250 1980 1308 2005 dass
1328 1981 1388 2006 dem

168 2022 253 2055 Konig
272 2029 322 2047 von
341 2022 499 2047 Frankrcich
520 2021 622 2047 solches
643 2021 691 2047 leid
712 2024 756 2047 tue
776 2023 830 2047 und
850 2022 909 2048 dass
930 2031 958 2048 er
977 2031 1005 2048 es
1024 2023 1097 2048 nicht
1118 2023 1287 2049 verschuldet
1310 2024 1385 2050 habe.

168 2066 204 2091 Er
232 2066 307 2091 bittet
336 2066 388 2097 ihn,
417 2066 489 2091 seine
513 2066 671 2099 Gesandten,
699 2066 740 2091 die
760 2066 847 2092 Briefe
876 2075 926 2092 von
954 2067 1007 2092 ihm
1037 2068 1099 2093 oder
1127 2076 1159 2093 an
1188 2068 1233 2093 ihn
1262 2069 1325 2094 oder
1346 2069 1387 2094 die

168 2110 280 2143 Kbnigin
301 2110 384 2136 durch
403 2110 423 2136 F
426 2110 563 2136 rankreich
583 2110 717 2142 brachten,
738 2110 788 2135 frei
808 2111 893 2136 reisen
913 2119 945 2136 zu
970 2111 1067 2144 lassen;
1091 2120 1118 2138 so
1139 2112 1205 2138 lasse
1225 2121 1254 2138 er
1272 2121 1300 2138 es
1319 2113 1386 2139 auch

168 2154 195 2180 'm
214 2155 312 2180 seinem
333 2154 430 2181 Reiche
452 2154 608 2188 geschehen.
647 2155 677 2187 (f.
699 2154 751 2188 79.)

275 2209 296 2241 c)
315 2207 461 2233 ablaciones
482 2207 543 2241 Reg.
589 2208 612 2241 d)
631 2207 664 2233 So
684 2208 849 2234 konstruion.
900 2214 922 2240 e)
941 2208 974 2235 So
994 2209 1163 2243 daret—possit
1183 2210 1246 2243 Reg.
1302 2210 1319 2240 f)
1339 2211 1385 2236 Μιῐ

169 2251 266 2277 diesem
286 2252 378 2278 Worte
398 2252 457 2278 hort
476 2252 523 2277 der
541 2252 606 2277 Text
625 2252 679 2277 auf.
