1673 2641
487 159 597 193 registra
615 159 770 193 graciarum,
790 159 952 186 officialium.
1252 159 1329 193 CIII

216 257 240 283 6.
260 256 446 283 Ordinaciones
466 258 591 290 perpetue
610 257 728 283 ordinate
748 257 773 282 in
794 257 890 283 celebri
904 258 982 289 curia.
998 265 1076 291 quam
1089 257 1113 283 d.
1128 265 1175 283 rex
1187 257 1330 283 celebravit

110 300 257 328 Cathalanis
278 300 303 325 in
323 301 427 326 civitate
447 301 569 326 Gerunde
589 308 611 327 a.
632 301 655 328 d.
678 300 824 328 MCCCXX
843 301 934 334 primo.
944 301 961 334 ι)

216 346 239 370 7.
260 344 395 370 Guidatica
413 344 478 370 aller
497 346 552 371 Art.
590 345 669 370 Diese
690 345 756 370 auch
777 345 803 370 in
823 346 873 371 den
893 345 1047 371 communia.

215 388 239 414 8.
259 388 300 414 Da
319 397 385 421 mag.
404 389 537 414 Johannes
561 388 655 414 Amelii
674 389 706 414 de
725 398 744 416 s.
760 389 860 415 Aniano
875 389 966 415 tisicus
980 392 1069 415 noster
1081 389 1206 415 maiorem
1220 390 1329 416 traxisse

110 432 236 465 originem
260 440 275 458 a
293 441 389 466 genere
417 433 530 464 militari,
560 432 672 458 verleiht
691 441 720 458 er
739 433 805 459 ihm:
830 434 958 467 quatinus,
979 434 1053 459 sicuti
1073 433 1191 466 generosi
1211 434 1330 459 homines

108 477 221 510 gaudent
240 476 381 509 privilegiis
400 479 425 502 et
445 477 651 502 immunitatibus
671 477 791 508 militum,
812 478 849 503 sic
869 485 913 503 vos
933 477 995 510 ipsis
1010 477 1152 511 privilegiis
1172 498 1177 503 .
1193 498 1198 503 .
1215 478 1330 511 .gaude-

109 521 165 547 atis.
204 520 307 554 1313.2)

215 564 239 590 9.
260 565 299 590 Ad
329 565 453 591 honorem
482 565 666 598 omnipotentis
694 565 743 591 Dei
763 586 769 592 .
791 586 795 591 .
817 586 822 591 .
844 567 868 591 iu
893 566 1012 591 favorem
1037 565 1178 591 confratrie
1202 565 1226 592 b.
1248 565 1330 591 Mario

109 608 179 634 sedis
197 608 290 638 Ilerde,
311 609 384 634 cuius
404 617 451 635 nos
470 609 553 635 frater
572 609 717 641 existimus,
738 608 929 643 Schenkuug.³)

218 654 257 680 10.
278 653 405 678 Noverint
407 664 517 685 .....
521 654 580 686 [uod
601 661 646 679 vos
664 653 822 686 Eligssendis
836 661 902 678 uxor
915 652 1060 685 Balaguerii
1074 653 1095 678 F
1096 653 1199 678 ariania
1211 654 1331 686 specierii

110 696 241 722 Valentini
261 697 391 730 quondam
410 697 504 722 tenetis
524 717 529 723 .
551 718 555 722 .
577 718 582 723 .
603 697 733 730 quoddam
752 697 927 730 operatorium
945 696 1071 722 situatum
1089 697 1150 722 satis
1164 705 1243 730 prope
1256 697 1330 723 tabu-

109 740 161 766 lam
188 741 262 773 pensi
291 741 340 768 civ.
361 740 508 771 valentine,
538 741 607 774 quod
635 740 696 766 olim
721 741 892 773 Raymundus
912 740 1050 767 Castellani
1070 743 1133 766 tune
1153 740 1253 766 baiulus
1274 741 1331 768 Val.

109 784 180 810 dedit
199 805 204 810 .
226 805 231 810 .
253 805 257 810 .
278 784 309 810 ad
333 792 441 809 censum
467 785 496 810 G.
516 784 617 810 Fuserii
642 785 693 810 civi
719 784 774 811 Val.
801 787 827 809 et
845 784 907 816 suis,
928 785 963 810 ita
982 784 1051 818 quod
1071 786 1158 817 posset
1177 785 1211 810 ibi
1231 785 1331 818 apen‘re

108 827 216 862 por-talia
235 830 261 854 et
279 827 380 854 tabulas
399 828 488 854 facere
507 828 540 854 ad
552 837 631 853 usum
644 829 851 861 operatoriomm
869 828 986 861 exceptis
1001 836 1051 854 usu
1065 836 1210 861 pannorum
1222 829 1331 855 Francie

109 875 135 898 et
158 872 358 905 campsorum.⁴)
395 872 517 898 Eliseude
541 872 587 898 hat
610 872 730 906 gebeten,
755 873 823 906 quod
842 893 848 899 .
869 893 875 899 .
897 893 902 898 .
922 875 1009 906 posset
1032 873 1056 899 d.
1076 873 1252 906 operatorium
1272 894 1277 900 .
1299 893 1304 898 .
1326 894 1330 898 .

109 917 226 942 converti
253 916 285 942 ad
313 925 390 942 usum
414 916 533 949 draperie
557 924 703 949 pannorum
722 917 831 942 Franeie
852 920 877 942 et
897 924 1070 950 oampscrum.
1108 917 1161 943 Das
1180 917 1271 943 will-de
1290 917 1333 942 ihr

108 962 214 986 niitzen.
253 961 340 993 Gegeu
361 960 461 987 hohern
481 961 542 987 Zins
560 960 686 994 gewiihrt.
726 961 829 991 1313.³)

215 1006 248 1046 d)
272 1006 362 1047 Reg.
382 1004 626 1037 officialium
651 1006 748 1048 (Reg.
767 1007 968 1047 231—234).
1002 1006 1064 1038 Die
1080 1007 1331 1049 Ernennungen

110 1058 277 1100 beginnen
300 1059 363 1090 mit
388 1059 464 1090 dem
487 1058 518 1090 J.
540 1059 638 1098 1303;
667 1059 792 1090 vorher
821 1059 1049 1091 anscheiuend
1076 1060 1111 1091 in
1145 1060 1208 1091 den
1233 1059 1332 1092 Com-

109 1111 225 1143 munia
249 1130 289 1134 —
315 1112 357 1143 ol)
375 1111 544 1151 saintlioh,
570 1111 616 1144 ist
631 1112 697 1143 mir
715 1112 794 1144 sehr
810 1111 965 1153 fraglich.
1002 1112 1065 1144 Die
1081 1113 1332 1154 Ernennungen

109 1164 186 1196 sind
203 1166 361 1206 getrennt
378 1165 466 1196 nach
483 1165 546 1196 den
564 1163 719 1197 Staaten:
739 1165 948 1207 Aragonien,
966 1165 1182 1205 Katalonien,
1200 1165 1332 1198 Murcia

108 1218 177 1249 und
212 1217 384 1249 Valencia,
437 1217 616 1250 Naturlich
651 1217 763 1250 fehlen
799 1218 851 1250 die
887 1219 1050 1250 Beamten
1087 1219 1147 1250 der
1179 1218 1332 1250 Zentral-

108 1270 334 1312 verwaltung,
359 1271 461 1302 deren
478 1271 686 1313 Anstellung
710 1281 765 1303 am
783 1271 927 1304 meisten
948 1271 1187 1304 interessieren
1204 1272 1331 1304 wurde.

108 1322 204 1354 Doch
240 1323 286 1356 ist
320 1324 394 1355 hier
429 1324 482 1355 ein
513 1324 644 1356 reiches
678 1324 838 1356 Material
869 1324 925 1356 fi'u·
957 1324 1010 1356 die
1041 1324 1242 1357 Gesehiehte
1274 1325 1332 1357 des

108 1376 364 1408 Beamtentums
389 1377 596 1409 vorhanden.
644 1377 708 1409 Die
732 1377 833 1409 Form
857 1377 904 1410 ist
928 1378 1028 1410 meist
1052 1377 1224 1420 folgende:

215 1428 384 1455 Confidentes
403 1430 435 1455 de
454 1429 508 1455 fide
532 1431 558 1455 et
582 1429 685 1462 legante
704 1430 785 1455 vestri
804 1430 901 1456 Mathei
925 1430 957 1456 de
976 1430 1039 1456 Pola
1058 1430 1136 1456 vieini
1155 1429 1332 1456 Tirasonensis

108 1473 235 1499 tradimus
255 1474 281 1498 et
300 1473 466 1499 concedimus
490 1473 545 1499 sive
571 1473 719 1499 comitimus
739 1473 812 1500 vobis
837 1474 961 1500 officium
980 1474 1126 1500 iusticiatus
1145 1474 1261 1507 predicte
1282 1474 1332 1501 civ.

107 1517 293 1547 Tirasonensis,
339 1517 437 1550 1303fi)
480 1518 513 1544 So
537 1518 583 1543 das
612 1518 734 1544 officium
758 1518 902 1544 merinatus
925 1519 1112 1545 Tirasonensis.
1144 1534 1175 1538 —-
1204 1519 1271 1544 Dem
1290 1518 1332 1544 Ali

108 1561 197 1587 Pando
216 1569 354 1588 sarraceno
379 1562 411 1588 de
442 1561 513 1588 Ricla
536 1562 658 1588 officium
682 1562 871 1596 alfa-‘luiniatus
895 1555 1093 1589 sarracenorum
1122 1563 1154 1589 de
1182 1562 1264 1590 Ricla.
1299 1578 1332 1581 —

109 1605 235 1632 Officium
257 1606 386 1632 scribanie
406 1606 478 1632 curie
502 1606 649 1633 iusticiatus
673 1607 699 1632 in
719 1607 770 1633 den
790 1607 997 1633 verschiedenen
1016 1607 1131 1634 Stadten.
1151 1623 1184 1627 -—
1205 1607 1334 1633 Officium

108 1649 225 1683 aleaydie
243 1650 388 1676 Judeomm
408 1652 434 1676 et
452 1650 656 1677 Sarraeenorum
676 1651 725 1677 civ.
744 1651 921 1678 Tirasonensis
940 1659 973 1677 an
993 1652 1050 1677 eine
1070 1652 1178 1678 Person.
1198 1667 1232 1671 —-
1251 1652 1332 1686 Magi-

108 1695 206 1720 stratus
223 1696 328 1720 monete
347 1695 488 1721 Jaccensis.
509 1710 541 1713 —
561 1694 677 1728 Scriptor
695 1696 799 1721 monete
818 1695 889 1721 Jacc.
909 1710 942 1714 -
963 1694 1061 1722 Cedula
1079 1695 1144 1720 iiber
1163 1694 1204 1721 die
1225 1695 1333 1720 Reform

109 1738 155 1763 der
173 1738 269 1764 Mi'mze
289 1738 316 1764 in
334 1738 533 1772 Sarranyenaff)

214 1792 274 1823 Ich
298 1792 383 1834 gebe
406 1793 494 1824 noch
517 1792 696 1834 folgendes
721 1791 840 1825 Stiick:

215 1852 344 1878 Noverint
362 1853 486 1885 unjvmsi,
507 1854 575 1886 quod
595 1861 642 1879 nos
654 1853 767 1880 Jacobus
786 1855 836 1881 etc.
857 1854 1020 1880 confidentes
1040 1854 1072 1879 de
1088 1853 1141 1879 fide
1162 1855 1188 1879 et
1201 1852 1332 1886 legalitate

109 1899 135 1923 et
154 1897 281 1923 industria
300 1897 381 1923 vestri
400 1897 487 1923 fidelis
507 1900 533 1923 et
552 1898 690 1924 familiaris
710 1898 791 1924 nostri
811 1898 883 1924 Petri
897 1898 1002 1924 Bussoti
1016 1898 1080 1923 civis
1100 1897 1193 1925 Bai-ch.
1215 1897 1332 1923 comitti—

218 1977 236 2010 1)
257 1977 318 2010 Reg.
338 1976 391 2003 220
409 1977 430 2002 f.
450 1977 492 2003 87.

217 2021 236 2054 ⁹)
257 2021 319 2055 Reg.
344 2021 394 2047 194
413 2021 433 2047 f.
456 2022 534 2047 117v.

216 2064 236 2094 3)
256 2065 318 2099 Reg.
338 2065 392 2092 210
411 2065 431 2093 f.
451 2065 494 2092 23.

215 2109 236 2143 4)
255 2110 318 2136 Und
337 2109 397 2135 Zins
418 2109 469 2144 1¹f4
488 2109 587 2136 Marah.
609 2109 769 2137 Alfonsinus.

216 2153 239 2186 5)
258 2154 318 2187 Reg.
340 2153 390 2180 192
410 2154 429 2179 f.
451 2153 531 2180 120v.

216 2197 236 2227 ⁶)
256 2198 318 2232 Reg.
338 2197 388 2224 231
410 2198 430 2225 f.
453 2199 475 2225 1.
514 2197 562 2223 Die
582 2197 706 2231 folgende
725 2197 775 2224 alle
795 2198 819 2223 in
840 2197 990 2223 demselben
1010 2197 1106 2223 Bande.

217 2242 237 2275 ⁷)
257 2242 319 2276 Reg.
339 2242 390 2269 231
411 2242 431 2268 f.
452 2242 494 2268 31.
